2813 4537
437 285 518 346 32
1065 290 1147 342 DE
1184 289 1446 343 OFFICIIS
1480 289 1599 342 LIB.
1633 290 1670 342 1.
1706 289 1849 345 CAP.
1889 294 1934 343 1.

435 462 778 547 paenitebit,
820 463 923 524 sed
963 471 1158 524 tamen
1202 471 1398 524 nostra
1442 462 1649 541 legens
1679 480 1802 523 non
1832 461 2085 524 multum
2113 481 2145 525 a
2176 460 2584 544 Peripateticis

430 548 798 623 dissidentia,
830 549 1109 629 quoniam
1138 548 1375 628 utrique
1406 546 1691 609 Socratici
1721 555 1781 609 et
1809 547 2102 610 Platonici
2130 547 2403 610 volumus
2431 565 2581 621 esse,

437 636 509 696 de
538 634 715 696 rebus
745 634 890 714 ipsis
920 643 1085 696 utere
1115 644 1217 695 tuo
1247 632 1468 695 iudicio
1498 667 1583 678 —
1612 631 1761 695 nihil
1789 633 1948 694 enim
1978 633 2235 714 impedio
2266 669 2371 708 —‚
2402 633 2581 694 orati-

436 738 616 781 onem
642 727 838 781 autem
869 719 1139 781 Latinam
1169 719 1390 780 efficies
1411 719 1678 798 profecto
1702 718 1967 798 legendis
1991 719 2210 780 nostris
2233 717 2579 800 pleniorem.

435 805 557 867 Nec
585 823 723 866 vero
754 806 868 866 hoc
898 812 1244 883 arroganter
1265 804 1488 865 dictum
1518 803 1837 866 existimari
1866 804 2061 867 velim.
2147 803 2295 866 Nam
2318 803 2582 885 philoso-

434 892 654 972 phandi
685 890 992 952 scientiam
1033 891 1367 951 concedens
1394 889 1629 961 multiS‚
1662 889 1818 970 quod
1852 898 1941 951 est
1970 890 2221 951 oratoris
2248 888 2579 971 proprium,

434 986 590 1056 apte,
620 976 919 1051 distincte,
951 979 1158 1039 ornate
1187 974 1401 1048 dicere,
1433 974 1714 1054 quoniam
1744 975 1807 1036 in
1831 993 1903 1036 eo
1926 975 2126 1037 studio
2158 980 2405 1037 aetatem
2435 992 2581 1036 con-

436 1062 695 1142 sumpsi,
737 1061 788 1122 si
834 1060 889 1122 id
936 1055 1080 1122 milii
1123 1078 1391 1135 assumo,
1437 1061 1636 1121 videor
1677 1061 1736 1121 id
1778 1079 1912 1122 meo
1958 1059 2088 1122 iure
2120 1061 2372 1141 quodam
2403 1060 2578 1121 modo

434 1146 747 1208 vindicare.
836 1144 1024 1217 Quam
1070 1147 1144 1208 ob
1190 1165 1316 1209 rem
1357 1164 1718 1226 magnopere
1761 1154 1817 1206 te
1859 1148 2086 1220 hortor,
2131 1146 2213 1207 mi
2244 1145 2470 1219 Cicero,
2513 1156 2580 1207 ut

436 1249 559 1292 non
604 1230 797 1292 solum
842 1233 1142 1293 orationes
1184 1251 1365 1307 meaS,
1394 1233 1495 1293 sed
1525 1233 1637 1293 hos
1665 1230 1839 1293 etiam
1868 1231 1942 1292 de
1971 1231 2348 1313 philosophia
2375 1231 2577 1305 libros,

2626 1244 2682 1295 10

435 1317 538 1397 qui
579 1316 695 1378 iam
736 1316 852 1378 illis
896 1317 1019 1379 fere
1048 1336 1112 1379 se
1141 1326 1488 1399 aequarunt,
1517 1317 1776 1378 studiose
1804 1317 1983 1396 legaS.
2073 1316 2173 1378 Vis
2204 1316 2364 1378 enim
2390 1315 2578 1377 maior
2671 1378 2678 1387 ,

432 1402 495 1463 in
541 1400 660 1463 illis
700 1401 951 1479 dicendi,
998 1404 1100 1464 sed
1129 1404 1246 1464 hoc
1276 1421 1517 1485 quoque
1544 1402 1861 1464 colendum
1888 1410 1980 1464 est
2004 1402 2313 1482 aequabile
2343 1410 2400 1464 et
2430 1411 2577 1463 tem·

432 1496 700 1568 peratum
752 1488 1034 1550 orationis
1085 1507 1292 1568 genus·
1380 1489 1455 1550 Et
1490 1489 1550 1551 id
1581 1488 1817 1568 quidem
1847 1487 2074 1549 nemini
2112 1488 2277 1548 video
2322 1486 2578 1549 Graeco-

431 1592 567 1635 rum
595 1574 787 1635 adhuc
816 1573 1153 1653 contigisse,
1196 1582 1263 1636 ut
1305 1573 1461 1636 idem
1506 1583 1761 1654 utroque
1792 1574 1851 1634 in
1883 1566 2099 1652 genere
2131 1572 2456 1635 elaboraret
2483 1592 2575 1634 se-

433 1730 467 1763 a
501 1717 689 1763 senatu
726 1716 920 1777 quanti
951 1711 1080 1774 fiam
1116 1715 1337 1764 minime
1371 1729 1455 1763 me

428 1784 682 1848 paenitet.
719 1780 787 1832 ib.
807 1779 895 1831 ΧΠ
914 1783 994 1845 28,
1018 1783 1048 1832 2
1083 1796 1193 1831 non
1209 1786 1456 1847 paenitet

430 1865 514 1900 me
567 1853 829 1914 quantum
874 1846 1221 1915 profecerim.
1290 1851 1450 1917 vergl.

431 1917 758 1984 Nagelsbach
779 1916 869 1969 lat.
897 1916 1012 1969 Stil.
1039 1933 1088 1984 p.
1114 1921 1226 1970 117.
1264 1923 1296 1973 6
1315 1919 1450 1971 Aufl.

506 1991 549 2038 1.
600 2001 710 2036 non
744 1985 977 2035 multum
1011 2002 1045 2035 a
1081 1987 1456 2053 Peripateticis

430 2053 781 2105 dissidentia:
849 2052 1004 2105 Acad.
1041 2052 1060 2103 Ι
1110 2057 1167 2119 6,
1203 2057 1268 2107 22
1316 2055 1457 2105 illud

432 2121 820 2188 imprudenter,
852 2125 902 2171 si
935 2121 1074 2171 alios
1107 2138 1218 2172 esse
1249 2123 1456 2174 Acade·

432 2193 617 2255 mices,
635 2192 730 2255 qui
747 2193 862 2239 tam
875 2189 1299 2256 appellarentur,
1316 2192 1455 2242 alios
1475 2248 1483 2254 ⁶

433 2259 822 2326 Peripateticos
839 2260 1200 2310 arbitrantur.
1235 2259 1344 2313 Nur
1367 2260 1458 2313 auf

434 2326 517 2379 die
564 2326 856 2394 praktische
904 2326 1238 2395 Philosophie
1285 2327 1454 2381 Rfick-

430 2395 569 2447 sicht
615 2394 867 2446 nehmend
913 2395 1124 2462 leugnet
1171 2396 1271 2449 Cic.
1320 2399 1453 2449 nach

433 2463 548 2515 dem
585 2462 857 2529 Vox-gange
902 2464 1070 2516 seines
1105 2465 1315 2517 Lehrers
1348 2464 1455 2517 An-

436 2531 638 2584 tiochus
672 2531 772 2583 den
807 2530 1146 2586 Unterschied
1186 2535 1452 2586 zwischen

348 2641 357 2650 .
430 2600 522 2652 der
540 2599 897 2668 platonischen
917 2601 1018 2653 und
1039 2602 1451 2655 aristotelischen

432 2668 615 2729 Lehre;
675 2669 782 2734 vgl.
827 2668 980 2721 Tusc.
1026 2669 1073 2719 V
1110 2673 1194 2736 30,
1231 2674 1294 2726 85
1346 2670 1452 2723 und

427 2735 801 2789 ausfiihrlicher
823 2735 888 2788 de
911 2737 1012 2803 leg.
1041 2737 1062 2789 1
1088 2740 1170 2804 21,
1197 2744 1279 2793 55.
1333 2738 1450 2790 Von

430 2804 726 2857 demselben
746 2802 1104 2870 Standpunkte
1129 2821 1222 2859 aus
1239 2807 1452 2860 urtheilt

431 2887 513 2938 er,
558 2870 678 2923 dass
729 2871 858 2923 auch
894 2872 977 2923 die
1013 2874 1238 2926 stoische
1274 2875 1449 2940 Lem-e,

430 2939 520 2992 der
573 2955 627 2992 er
680 2939 790 2991 hier
845 2939 1003 3006 folgt,
1056 2942 1167 2994 sich
1214 2958 1317 2995 von
1360 2943 1450 2996 der

431 3007 863 3075 peripatetischen
922 3024 1017 3060 nur
1073 3010 1449 3064 unwesentlich

430 3075 800 3130 unterscheide.
861 3091 901 3129 s.
939 3075 1068 3130 Einl.
1106 3076 1138 3144 5
1175 3082 1221 3131 9.

500 3147 547 3197 3.
596 3144 659 3196 de
691 3147 850 3196 rebus
886 3147 1016 3212 ipsis
1049 3151 1203 3197 utere
1239 3152 1329 3199 tuo
1367 3152 1450 3199 iu·

429 3213 576 3263 dicio
635 3212 833 3264 enthiilt
880 3229 973 3266 nur
1017 3214 1130 3266 eine
1174 3216 1450 3283 beilaufige

428 3279 770 3347 Bemerkung,
804 3281 908 3333 und
944 3281 1097 3334 sollte
1121 3282 1298 3336 darum
1332 3285 1452 3337 dem

427 3345 866 3415 Hauptgedanken
911 3355 1212 3402 orationem
1248 3352 1454 3416 efficies

430 3424 528 3468 cet.
548 3416 859 3470 subordinirt
875 3418 1009 3478 seim
1036 3420 1141 3486 vgl.
1161 3419 1193 3487 5
1213 3425 1294 3474 51.
1314 3420 1346 3488 5
1367 3424 1449 3476 8-1.

428 3484 470 3535 11
508 3487 537 3548 5
571 3487 647 3548 17,
698 3484 761 3538 de
794 3486 894 3552 leg.
930 3486 972 3537 11
1008 3490 1056 3553 7,
1090 3492 1146 3542 16
1182 3494 1450 3541 neminem

427 3570 536 3603 esse
561 3558 805 3620 oportere
840 3559 953 3605 tam
985 3556 1149 3608 stulte
1183 3574 1450 3624 arrogan-

425 3626 551 3686 tem,
585 3626 649 3672 ut
684 3626 742 3673 in
762 3639 820 3674 se
840 3627 1109 3676 rationem
1143 3630 1195 3676 et
1218 3632 1447 3678 mentem

418 3694 579 3756 putet
612 3693 804 3758 inesse,
856 3696 915 3743 in
963 3695 1108 3745 eaelo
1143 3695 1344 3747 mundo
1382 3713 1449 3746 ue

427 3773 535 3807 non
565 3763 741 3824 putet.
799 3760 945 3812 Auch
980 3761 1050 3813 im
1085 3762 1345 3816 Griechisc
1383 3780 1447 3816 eu

427 3824 496 3877 ist
533 3825 810 3894 derartiges
846 3828 1036 3895 haufig.

531 3897 578 3946 5.
647 3894 789 3947 Nam
862 3897 1277 3965 ltilosolzpandi.‘
1293 3898 1309 3918 ³
1326 3899 1445 3953 Man

427 3960 643 4014 beachte
680 3963 779 4015 den
858 3980 922 4016 au
968 3964 1059 4018 der
1091 3966 1321 4021 Perinde.
1391 3968 1447 4020 In

1557 1707 1654 1759 den
1690 1711 1969 1776 Hauptsatz
2006 1709 2297 1762 concedens
2324 1739 2365 1747 -
2392 1708 2578 1759 videor

1556 1784 1627 1836 ist
1673 1783 1762 1835 der
1805 1777 2097 1832 Nebensatz
2142 1782 2191 1829 si
2226 1792 2435 1829 assumo
2481 1774 2576 1826 mit

1557 1852 1735 1904 seinen
1764 1845 1950 1902 beiden
1982 1847 2091 1902 ihm
2112 1845 2576 1912 untergeordneten

1557 1918 1746 1972 Satzen
1805 1918 1950 1980 quod
2000 1922 2077 1968 est
2120 1918 2411 1982 proprium
2470 1910 2575 1966 und

1556 1992 1812 2054 quoniam
1861 1989 2125 2040 coniunxi
2169 1984 2355 2051 inder
2399 1981 2571 2033 Weise

1556 2057 1959 2122 eingeschoben‚
2007 2054 2124 2107 dass
2161 2052 2302 2105 diese
2336 2056 2575 2118 unterge-

1557 2125 1803 2178 ordneten
1849 2125 2003 2178 Satze
2047 2123 2164 2174 dem
2198 2121 2489 2174 Nebensatz
2526 2118 2576 2169 si

1556 2211 1655 2246 ase.
1681 2191 2052 2261 vorangestellt
2079 2189 2207 2243 sind.
2255 2189 2353 2241 Der
2376 2188 2576 2255 Gegen·

1557 2270 1665 2315 satz
1702 2263 1961 2316 zwischen
1987 2259 2373 2328 philosoph.
2405 2260 2576 2310 seien-

1555 2335 1688 2382 tiam
1710 2332 1811 2385 und
1836 2331 2008 2398 quod
2039 2333 2130 2380 est
2166 2333 2329 2378 orat.
2349 2341 2574 2394 propr.

1553 2399 1624 2452 ist
1676 2400 1901 2452 dadurch
1945 2399 1999 2450 in
2082 2398 2354 2463 ragnanter
2397 2394 2572 2448 Weise

1554 2467 1941 2534 vorangestellt,
1958 2414 2079 2519 undp
2078 2465 2176 2518 alle
2188 2464 2388 2531 logisch
2404 2469 2573 2516 unter-

1555 2535 1870 2601 geordneten
1915 2534 2175 2587 Momente
2219 2533 2335 2585 dem
2379 2532 2572 2599 Haupt·

1555 2603 1825 2671 gedanken
1858 2600 2330 2668 vorausgeschickt.

1553 2678 1901 2805 oratrlllzpttg:
1932 2672 2454 2805 ὥκῗῖῗιὲἒεῖἷέοἷξ·
2476 2669 2573 2802 ᾳῗιξ

1553 2810 1837 2875 explicate,
1855 2813 1950 2874 qui
1968 2809 2323 2873 abundanter,
2343 2811 2437 2874 qni
2446 2808 2573 2858 illu·

1550 2881 1754 2927 minate
1789 2882 1840 2927 et
1876 2880 2033 2929 rebus
2072 2882 2124 2927 et
2160 2880 2333 2929 verbis
2365 2877 2571 2937 dieunt,

1551 2948 1596 2996 ii
1628 2950 1757 2996 sunt
1793 2949 1888 3011 qai
1931 2946 2123 2996 dicant
2159 2951 2426 3008 ornate,·
2474 2950 2572 3011 qui

1550 3014 1692 3064 idem
1727 3017 1811 3065 ita
1843 3014 2221 3080 moderantur,
2270 3020 2333 3066 ut
2366 3030 2569 3077 rerum,

1551 3088 1613 3133 ut
1641 3098 1995 3148 personarum
2030 3083 2324 3148 dignitates
2364 3081 2572 3148 fermtt,

1553 3153 1596 3201 ii
1646 3155 1772 3201 sunt
1823 3155 1882 3202 in
1935 3167 1997 3201 eo
2037 3166 2240 3217 genere
2288 3151 2572 3216 laudandi,

1553 3219 1698 3283 quod
1708 3234 1805 3284 ego
1825 3236 1901 3285 ap
1915 3223 1980 3270 tu
1992 3235 2044 3270 m
2061 3223 2297 3273 nomino.
2318 3221 2571 3271 distinete

1552 3287 1620 3338 ist
1655 3285 1767 3339 klar
1802 3287 1906 3339 und
1939 3288 2229 3352 bestimmt,
2278 3287 2480 3341 sowohl
2514 3288 2570 3340 in

1552 3354 1641 3406 der
1664 3354 1978 3422 Anordnung
2003 3356 2092 3408 der
2115 3355 2255 3409 Rede
2292 3356 2369 3409 als
2402 3356 2455 3408 in
2480 3356 2571 3409 der

1550 3421 1704 3474 Wahl
1739 3423 1828 3475 der
1863 3423 2129 3477 einzelnen
2164 3423 2483 3478 Ausdriicke.

1623 3493 1701 3543 11.
1734 3490 1853 3553 fere
1874 3508 1930 3542 se
1952 3498 2288 3558 aequarunt:
2323 3493 2476 3546 n'aml.
2503 3508 2572 3547 an

1551 3558 1771 3625 Umfang
1806 3560 1910 3612 und
1945 3560 2071 3613 Zahl
2105 3560 2532 3627 gleichkommeu.

1621 3631 1702 3681 14.
1720 3629 2039 3680 elaboraret.
2060 3628 2115 3682 lu
2140 3631 2419 3680 elaborare
2442 3629 2572 3695 liegt

1548 3695 1632 3748 die
1655 3695 1953 3764 Beziehung
1987 3697 2077 3751 auf
2107 3697 2208 3750 den
2231 3697 2373 3750 Ersol
2444 3698 2572 3750 oder

1548 3763 1640 3816 das
1698 3765 1992 3818 bestimmte
2052 3765 2159 3818 Ziel
2218 3765 2307 3818 der
2418 3766 2569 3831 rbeit‚

1547 3832 1791 3885 wahrend
1860 3834 2109 3886 laborare
2167 3850 2262 3886 nur
2324 3834 2571 3887 bedentet

1548 3900 1659 3952 sich
1695 3906 2027 3969 austrengen,
2080 3903 2239 3955 daher
2284 3904 2336 3955 in
2388 3901 2569 3969 Serge,

1550 3967 1687 4021 Noth
1723 3970 1847 4022 sein.
1902 3972 2005 4038 vgl.
2045 3969 2066 4021 1
2101 3969 2133 4037 5
2174 3973 2285 4023 116.
2327 3973 2438 4025 133.
