2813 4537
368 246 488 308 120
918 248 1001 301 DE
1038 247 1298 302 OFFICIIS
1334 246 1453 303 LlB.
1484 247 1521 302 1.
1576 246 1719 303 CAP.
1746 250 1830 303 44.
1868 252 1951 303 45.

365 421 605 484 nitatem
638 429 696 482 et
724 420 1084 483 societatem.
1145 419 1369 492 Quodsi
1396 420 1594 483 omnia
1626 419 1820 493 nohis,
1854 438 2005 500 quae
2032 421 2105 482 ad
2136 420 2353 482 victum
2382 421 2509 483 cul·-
2597 427 2606 442 ¹

362 516 612 587 tumque
640 506 960 587 pertinent,
994 506 1160 586 quasi
1181 505 1408 586 virgula
1425 489 1739 582 divinasut
1760 505 1944 580 aiunt,
1974 505 2523 587 suppeditarentur,

363 600 491 654 tum
522 591 749 672 optimo
781 591 1032 672 quisque
1062 591 1303 672 ingenio
1334 591 1589 671 negotiis
1624 589 1903 653 omnihus
1944 591 2403 653 omissis-totum
2446 610 2508 653 se

361 677 423 739 in
456 676 795 757 cognitione
826 685 886 738 et
916 676 1160 739 scientia
1199 676 1539 739 collocaret.
1596 675 1729 738 Non
1763 684 1852 738 est
1879 676 1976 738 ita.
2037 676 2184 739 Nam
2212 685 2272 739 et
2300 676 2508 739 solitu-

362 761 561 825 dinem
604 762 835 842 sugeret
876 770 937 824 et
979 761 1207 824 socium
1245 761 1426 824 studii
1468 771 1794 842 quaereret,
1836 769 1964 824 tum
2000 761 2217 824 docere
2253 769 2379 824 tum
2421 762 2509 824 di·
2550 771 2581 822 5

362 865 525 909 scere
554 846 748 921 vellet,
785 854 913 909 tum
944 846 1147 909 audire
1175 855 1304 909 tum
1332 847 1547 909 dicere.
1636 846 1794 926 Ergo
1826 865 2004 909 omne
2033 847 2315 923 officium,
2347 848 2506 927 quod

360 932 432 994 ad
461 931 945 996 coniunctionem
973 931 1283 995 hominum
1307 939 1366 994 et
1385 932 1457 993 ad
1478 931 1818 994 societatem
1844 932 2119 994 tuendam
2139 931 2311 1004 valet,
2340 940 2507 994 antc-

360 1018 703 1098 ponendum
734 1025 824 1079 est
850 1016 937 1078 illi
970 1017 1187 1092 officio,
1226 1019 1386 1098 quod
1417 1016 1761 1097 cognitione
1789 1025 1848 1079 et
1875 1017 2118 1080 scientia
2148 1018 2508 1080 continetur.

157 1085 330 1166 ssew
533 1102 687 1165 Illud
717 1101 961 1164 forsitan
991 1103 1395 1183 quaerendum
1424 1102 1520 1177 sit,
1565 1120 1710 1165 num
1738 1103 1885 1164 haec
1914 1104 2325 1179 communitas,
2356 1121 2507 1184 quae

258 1197 344 1249 159
358 1186 606 1249 maxime
651 1198 740 1249 est
782 1195 917 1268 apta
963 1195 1229 1262 naturae,
1282 1188 1357 1250 sit
1409 1188 1583 1250 etiam
1632 1188 2027 1250 moderationi
2070 1188 2508 1269 modestiaeque
2551 1202 2607 1254 1⁰

358 1289 592 1354 semper
632 1272 1064 1355 anteponenda.
1135 1273 1269 1336 Non
1311 1273 1524 1355 placet.
1599 1273 1754 1336 Sunt
1789 1273 1948 1335 enim
1978 1274 2262 1354 quaedam
2292 1273 2506 1355 partim

357 1357 437 1420 ita
483 1357 673 1432 foeda,
716 1357 930 1438 partim
967 1358 1047 1420 ita
1089 1358 1398 1439 flagitiosa,
1451 1367 1517 1421 ut
1561 1376 1629 1421 ea
1673 1377 1751 1420 ne
1792 1359 2226 1422 conservandae
2269 1359 2505 1440 quidem

356 1442 578 1524 patriae
621 1461 794 1505 causa
839 1442 1076 1523 sapiens
1118 1443 1381 1506 facturus
1425 1444 1518 1506 sit.
1593 1443 1678 1506 Ea
1707 1442 2064 1506 Posidonius
2101 1444 2340 1524 collegit
2370 1463 2507 1525 per-

355 1526 560 1603 multa,
602 1527 703 1590 sed
733 1527 813 1589 ita
843 1537 1023 1590 taetra
1055 1529 1360 1610 quaedam,
1404 1528 1485 1591 ita
1525 1529 1802 1604 obscena,
1844 1537 1913 1591 ut
1953 1529 2113 1592 dictu
2153 1548 2393 1611 quoque
2418 1530 2506 1591 vi-

357 1613 607 1675 deantur
635 1613 848 1694 turpia.
902 1612 1062 1677 Haec
1090 1613 1271 1695 igitur
1299 1631 1423 1677 non
1456 1614 1740 1696 suscipiet
1768 1614 1854 1676 rei
1886 1613 2159 1696 publicae
2190 1633 2397 1691 causa;
2431 1633 2508 1677 ne
2550 1627 2607 1679 15

357 1716 452 1761 res
480 1698 717 1781 publica
750 1698 988 1780 quidem
1018 1718 1128 1782 pro
1160 1719 1225 1762 se
1254 1699 1477 1781 suscipi
1511 1699 1685 1762 volet.
1753 1699 1867 1762 Sed
1898 1702 2013 1763 hoc
2044 1700 2411 1763 commodius
2441 1719 2505 1762 se

355 1802 451 1847 res
493 1784 689 1858 habet,
736 1785 893 1865 quod
936 1803 1059 1847 non
1102 1793 1300 1867 potest
1326 1784 1594 1849 accidere
1623 1794 1878 1867 tempus,
1919 1796 1987 1847 ut
2014 1785 2247 1849 intersit
2274 1786 2360 1848 rei
2392 1806 2504 1867 pu-

253 1879 339 1931 160
353 1869 540 1932 hlicae
571 1870 887 1951 quicquam
925 1869 1163 1933 illorum
1200 1871 1393 1933 facere
1439 1870 1784 1953 sapientem.
1874 1869 2069 1942 Quare
2110 1872 2225 1933 hoc
2267 1871 2503 1952 quidem

356 1955 629 2017 effectum
672 1963 780 2028 est,
820 1955 882 2016 in
927 1955 1141 2016 officiis
1169 1954 1500 2035 deligendis
1527 1955 1586 2016 id
1616 1973 1806 2034 genus
1835 1954 2166 2016 officiorum
2197 1954 2501 2029 excellere,

353 2040 511 2120 quod
541 2047 812 2101 teneatur
840 2040 1151 2100 hominum
1182 2040 1481 2101 societate.
1522 2039 1776 2117 [Etenim
1808 2038 2211 2117 cognitionem
2241 2039 2502 2119 pruden-

351 2124 611 2205 tiamque
649 2131 929 2203 sequetur
967 2124 1338 2186 considerata
1381 2123 1555 2185 actio.
1629 2123 1713 2186 Ita
1744 2123 1811 2184 fit
1839 2131 1905 2184 ut
1932 2141 2105 2203 agere
2136 2123 2503 2186 considerate

353 2208 543 2290 pluris
585 2208 663 2271 sit
707 2225 883 2289 quam
928 2208 1186 2288 cogitare
1230 2208 1595 2290 prudenter.]
1661 2209 1854 2289 Atque
1895 2208 2041 2272 haec
2081 2207 2319 2289 quidem
2363 2210 2503 2272 hac-

425 2364 470 2415 1.
506 2362 705 2411 victum
742 2359 1074 2425 cultumque.-
1116 2375 1160 2413 z.
1199 2359 1233 2427 ἕ
1262 2361 1375 2415 106.

422 2430 469 2482 2.
489 2427 709 2493 virgula
726 2428 931 2493 divina,
949 2425 1271 2495 Auspielung
1289 2426 1380 2480 auf

352 2496 452 2549 den
487 2494 614 2549 Stab
657 2496 750 2549 des
795 2495 1006 2548 Hermes
1059 2492 1245 2563 (ὄλβου
1284 2497 1376 2548 καὶ

352 2560 587 2617 πλούτου
636 2558 862 2631 ῥάβδος,
910 2565 1084 2633 hymn.
1132 2566 1187 2616 in
1220 2562 1374 2618 Merc.

352 2633 472 2698 529)
525 2632 649 2685 oder
694 2632 930 2686 ahnliche
978 2630 1161 2699 suthe,
1215 2632 1375 2685 durch

352 2699 551 2753 welche
587 2699 885 2754 Gottheiten
935 2700 1036 2752 wie
1072 2700 1216 2752 Circe
1250 2699 1376 2753 Ver·

351 2767 697 2834 wandlungen
731 2767 1148 2834 hervorbringen.

420 2839 472 2889 4.
508 2836 810 2888 collocaret.
879 2835 953 2889 Da
989 2835 1078 2889 der
1113 2835 1234 2890 Satz
1270 2851 1375 2889 von

352 2904 557 2955 dicitur
590 2903 847 2971 abhfingig
882 2904 976 2969 ist,
1017 2904 1161 2957 hatte
1197 2903 1374 2957 Cicero

353 2986 513 3039 sagen
535 2971 701 3025 sollen
726 2987 985 3039 quemque
1007 3000 1049 3010 -
1072 2988 1128 3023 se
1153 2972 1377 3025 colloca-

353 3045 537 3092 turum
561 3056 684 3092 esse.
720 3040 859 3093 Aher
876 3040 1043 3107 einige
1061 3037 1196 3092 Male
1215 3039 1376 3093 findet

353 3107 463 3162 sich
508 3107 561 3160 in
608 3109 698 3161 der
739 3108 1022 3161 indirecten
1057 3107 1198 3161 Rede
1243 3108 1376 3161 auch

349 3177 420 3230 im
472 3175 582 3230 Hau
621 3180 787 3230 tsatze
844 3177 935 3229 des
986 3176 1374 3231 condicionalen

351 3244 532 3298 Satzes
602 3260 656 3298 er
681 3244 1005 3311 Conjunctiv‚
1039 3260 1125 3298 um
1162 3244 1254 3298 das
1276 3243 1375 3297 Be·

350 3312 916 3380 dingungsverhiiltniss
945 3312 1146 3366 stiirker
1167 3313 1376 3368 hervor-

348 3380 597 3434 zuheben.
656 3380 719 3433 de
744 3380 831 3433 fin.
856 3380 919 3433 111
947 3384 1025 3446 15,
1049 3384 1115 3435 50
1152 3383 1299 3447 quod
1328 3384 1378 3432 sn·

350 3449 415 3501 de
468 3451 677 3501 artibus
729 3449 1104 3515 concedamus,
1158 3452 1377 3502 virtutis

350 3523 526 3570 tamen
550 3532 659 3569 non
681 3519 756 3568 eit
777 3517 961 3569 eadem
982 3521 1144 3572 ratio.
1186 3517 1314 3585 Nep.
1333 3517 1376 3570 11

350 3589 399 3651 7,
414 3589 445 3641 6
468 3585 919 3638 Lacedaemonios
940 3586 1082 3638 male
1103 3592 1154 3638 et
1175 3589 1377 3638 iniuste

346 3653 529 3716 facere
540 3673 561 3718 ,-
587 3669 878 3720 quare-se
899 3657 1251 3721 remitterent,
1273 3655 1377 3706 ali-

350 3722 564 3774 terilloe
579 3737 694 3775 mm
731 3725 933 3774 namin
989 3725 1188 3775 atrium
1206 3728 1376 3775 essent

345 3794 636 3857 recepturi.
748 3791 820 3844 ier
855 3806 939 3844 wo
962 3790 1048 3844 len
1083 3790 1240 3845 andre
1275 3790 1373 3845 den

350 3857 472 3911 Satz
508 3857 666 3911 durch
702 3859 849 3925 quod
882 3889 924 3898 -
960 3861 1249 3913 collocaret
1281 3860 1376 3912 mit

349 3927 466 3979 dem
482 3925 936 3993 vorhergehcnden
958 3928 1254 3982 verbinden.
1308 3927 1375 3980 Er

1480 2359 1592 2427 gibt
1628 2360 1751 2412 aber
1784 2375 1848 2413 zu
1896 2359 2012 2412 dem
2047 2359 2235 2412 vorher
2269 2359 2505 2413 ehenden

1478 2419 1620 2480 nic'ht
1689 2427 1791 2480 den
1862 2427 2064 2493 Grund,
2133 2443 2228 2482 son
2265 2443 2354 2480 ern
2421 2427 2505 2481 die

1475 2496 1636 2562 Folge
1672 2511 1753 2548 an.

1550 2566 1628 2618 12.
1655 2563 1857 2626 foedus
1888 2563 1987 2629 ist,
2027 2578 2140 2616 was
2174 2563 2324 2617 einen
2360 2565 2505 2618 hass-

1476 2633 1672 2698 lichen,
1710 2632 1980 2698 gemeinen
2014 2631 2271 2684 Eindruck
2304 2632 2502 2696 macht;

1476 2703 1798 2767 flagitiosus,
1834 2700 2265 2754 verbrecherisch.
2336 2707 2506 2753 taeter

1478 2769 1584 2822 und
1601 2770 1856 2820 obscenus
1873 2782 1941 2821 un
1947 2767 2265 2821 terscheiden
2278 2769 2390 2822 sich
2401 2769 2505 2822 wie

1479 2836 1824 2890 unmoralisch
1876 2835 1983 2888 und
2027 2837 2335 2890 unanstandi
2373 2878 2386 2891 .
2433 2866 2504 2876 —

1478 2904 1573 2957 Ein
1627 2903 1854 2972 Beispiel
1912 2919 2016 2958 von
2070 2904 2237 2958 einem
2290 2922 2350 2959 so
2371 2906 2502 2958 chen

1481 2972 1700 3026 Conflict
1734 2972 1994 3025 zwischen
2019 2970 2117 3024 den
2142 2972 2502 3040 Forderungen

1480 3039 1571 3093 der
1604 3039 2045 3094 Vaterlandsliebe
2098 3040 2202 3093 und
2255 3041 2346 3094 des
2397 3041 2504 3093 An·

1481 3108 1689 3162 standes
1724 3108 1855 3161 wird
1887 3107 1950 3160 111
1984 3107 2018 3175 ᾖ
2041 3110 2108 3162 93
2143 3109 2392 3175 gegeben.

1550 3179 1628 3232 13.
1662 3177 2010 3229 Posidonius:
2046 3191 2087 3228 s.
2124 3176 2256 3228 Einl.
2294 3176 2431 3244 530.

1550 3248 1629 3300 17.
1668 3245 1913 3297 accidere
1930 3248 2149 3311 tempus,
2170 3250 2263 3296 ut.-
2297 3261 2342 3299 z.
2366 3245 2400 3313 ξ
2419 3248 2502 3300 32.

1489 3348 1500 3355 -
1548 3315 1629 3366 20.
1663 3313 1882 3365 Etenim
1903 3340 1953 3352 --
1968 3313 2281 3379 prudenter.
2322 3313 2379 3366 In
2402 3313 2504 3367 den

1479 3379 1694 3434 Worten
1744 3380 1914 3434 haben
1966 3380 2062 3432 wir
2114 3381 2199 3434 ein
2250 3381 2380 3434 auch
2430 3382 2502 3433 im

1477 3448 1750 3502 Ausdruck
1766 3448 2164 3517 ungeschicktes
2183 3447 2417 3501 Glossem
2435 3464 2499 3501 zu

1480 3517 1656 3570 sehen.
1726 3516 1822 3570 Mit
1858 3518 2039 3582 Quare
2074 3519 2175 3569 hoc
2195 3532 2295 3582 qu.
2329 3517 2501 3580 effect.

1479 3591 1557 3638 est
1584 3591 1683 3639 cet.
1722 3586 1792 3638 ist
1823 3585 1906 3638 die
1930 3583 2324 3651 Untersuchung
2347 3584 2503 3652 abge-

1479 3655 1746 3708 schlossen
1779 3653 1885 3707 und
1920 3667 1977 3706 es
2010 3652 2145 3718 folgt
2167 3652 2503 3720 nothwendig

1480 3721 1660 3776 darauf
1666 3721 1843 3788 Atque
1860 3723 1992 3774 llaec
2002 3721 2217 3787 quidem
2228 3722 2500 3773 hactenus.

1481 3788 1622 3844 Statt
1648 3790 1833 3843 dessen
1860 3789 2021 3844 sollte.
2034 3788 2136 3842 Cic.
2163 3789 2297 3842 noch
2314 3789 2502 3842 einmal

1478 3859 1574 3911 mit
1597 3858 1713 3911 dem
1747 3857 2147 3924 begn'lndenden
2172 3860 2369 3909 etenim
2402 3857 2504 3911 den

1480 3925 1686 3980 Beweis
1704 3925 2078 3991 anschliessen‚
2116 3924 2235 3979 dass
2253 3926 2334 3980 die
2352 3925 2504 3995 prak-
