2813 4537
888 276 972 332 DE
1009 274 1270 332 OFFIGIIS
1305 275 1422 329 ΠΒ.
1458 274 1536 330 m.
1607 275 1749 330 GAP.
1769 279 1817 332 4.

2317 270 2438 335 187

283 450 476 513 derari
504 451 835 524 honestate,
865 449 905 511 ii
936 449 1134 518 solent
1161 449 1224 510 in
1256 446 1639 511 deliberando
1659 449 1982 511 honestum
2004 466 2142 509 eum
2166 467 2256 523 eo,
2281 449 2441 528 quod

283 535 428 597 utile
458 542 702 615 putant,
733 553 1106 615 comparare,
1138 533 1286 595 boni
1312 534 1422 596 viri
1464 552 1588 596 non
1634 533 1847 597 solent.
1918 534 2124 614 Itaque
2165 534 2437 596 existimo

285 620 659 695 Panaetium,
691 639 826 683 cum
857 620 1070 682 dixerit
1099 620 1373 682 homines
1396 618 1593 681 solere
1621 620 1683 681 in
1712 620 1825 682 hae
1855 619 2298 699 comparatione
2328 620 2439 681 du-

284 705 493 781 bitare,
518 706 633 768 hoc
653 706 849 785 ipsum
871 705 1148 780 sensisse,
1171 706 1330 785 quod
1359 704 1591 780 dixerit,
1621 704 1849 768 ‘solere’
1880 705 2077 780 modo,
2108 724 2230 768 non
2263 704 2439 767 etiam

220 803 256 854 5
287 790 620 870 ‘oportere’.
696 791 930 853 Etenim
976 809 1102 853 non
1133 791 1311 853 modo
1357 790 1546 870 pluris
1574 798 1784 870 putare
1816 791 1974 870 quod
2003 789 2146 852 utile
2175 789 2440 852 videatur

285 894 462 956 quam
493 877 652 957 quod
681 876 999 939 honestum
1031 885 1141 950 eat,
1187 876 1291 938 sed
1330 875 1511 937 etiam
1553 877 1698 938 haec
1728 876 1886 938 inter
1913 895 1980 938 se
2007 893 2352 955 eomparare
2382 883 2442 937 et

285 961 347 1024 in
379 961 471 1024 his
500 960 847 1024 addubitare
875 959 1288 1041 turpissimum
1309 969 1417 1023 est.

450 1046 607 1118 Quid
651 1065 793 1127 ergo
838 1053 960 1121 est,
1008 1047 1168 1126 quod
1213 1064 1337 1108 non
1384 1063 1709 1124 numquam
1748 1046 2182 1109 dubitationem
2210 1046 2440 1108 adferre

278 1132 467 1193 soleat
495 1131 1112 1211 considerandumque
1152 1128 1460 1194 videatur?
1519 1130 1739 1205 Credo,
1781 1132 1834 1194 si
1864 1132 2103 1212 quando
2151 1129 2437 1193 dubit-atio

168 1227 239 1284 10
281 1217 522 1293 accidit,
571 1217 743 1296 quale
782 1218 862 1280 sit
890 1217 980 1292 id,
1012 1218 1088 1279 de
1118 1236 1238 1297 quo
1269 1214 1699 1280 consideretur.
1762 1216 1950 1296 Saepe
1979 1217 2142 1280 enim
2171 1223 2441 1296 tempore
2484 1223 2541 1276 19

280 1302 348 1362 fit
378 1309 472 1378 ut,
506 1303 665 1382 quod
693 1309 870 1383 turpe
899 1302 1252 1383 plerumque
1280 1300 1486 1364 haberi
1527 1301 1741 1376 soleat,
1787 1302 2125 1364 inveniatur
2153 1320 2277 1364 non
2310 1319 2439 1364 esse

279 1394 474 1468 turpe.
549 1388 817 1468 Exempli
847 1407 1024 1451 eausa
1050 1395 1313 1469 ponatur
1334 1385 1553 1466 aliquid
1586 1387 1745 1466 quod
1773 1394 1971 1466 pateat
1999 1387 2191 1448 latius.
2264 1387 2438 1459 Quod

277 1480 476 1553 potest
515 1474 705 1536 maius
749 1492 877 1536 esse
924 1474 1117 1538 scelus
1161 1492 1339 1553 quam
1380 1491 1506 1536 non
1548 1473 1726 1534 modo
1768 1472 2098 1547 hominem,
2129 1473 2230 1534 sed
2261 1472 2440 1537 etiam

280 1558 626 1620 familiarem
653 1559 959 1622 hominem
989 1557 1308 1622 occidere?
1379 1558 1537 1622 Num
1577 1557 1762 1638 igitur
1801 1577 1866 1620 se
1894 1558 2168 1621 astrinxit
2195 1557 2438 1633 scelere,

156 1655 237 1710 115
279 1643 330 1706 si
373 1643 476 1724 qui
517 1651 840 1725 tyrannum
882 1644 1099 1706 oceidit
1142 1643 1406 1723 quamvis
1449 1641 1840 1704 familiarem?
1923 1644 2152 1723 Populo
2196 1642 2437 1721 quidem

277 1728 550 1791 Romano
582 1748 705 1791 non
736 1729 994 1804 videtur,
1028 1728 1130 1808 qui
1156 1746 1232 1790 ex
1263 1726 1541 1789 omnibus
1581 1727 1901 1807 praeclaris
1928 1729 2099 1790 factis
2127 1728 2271 1789 illud
2301 1728 2437 1806 pul-

277 1814 639 1875 cherrimum
667 1814 977 1876 existimat.
1036 1812 1188 1876 Vicit
1210 1831 1352 1894 ergo
1376 1811 1598 1875 utilitas
1620 1814 1993 1875 honestatem
2006 1810 2037 1872 ’ἶ
2086 1812 2274 1874 Immo
2297 1830 2437 1874 vero

277 1898 559 1960 honestas
588 1899 932 1961 utilitatem:
963 1899 1315 1961 honestatem
1357 1897 1585 1960 utilitas
1613 1906 1817 1959 secuta
1846 1904 1955 1959 est.

446 1982 684 2065 Itaque,
731 1992 799 2045 ut
838 1985 968 2047 sine
1008 1985 1132 2045 ullo
1176 1983 1731 2046 errore-diiudicare
1760 1983 2088 2063 possimus,
2119 1983 2167 2044 si
2199 1984 2435 2063 quando

344 2206 394 2258 4.
438 2204 540 2255 lwc
562 2206 736 2271 ipsum
757 2208 980 2256 sensisse
1003 2209 1101 2257 cet.
1136 2229 1204 2250 ==
1221 2207 1306 2255 7η·-

278 2272 360 2323 hil
375 2271 531 2324 aliud
548 2273 775 2323 voluisse
794 2289 955 2339 quam
974 2274 1121 2340 quod
1142 2275 1305 2325 verba

275 2342 488 2391 sonant.
524 2338 822 2406 Heusinger.
1274 2400 1280 2407 ‚

348 2411 394 2462 6.
433 2407 580 2474 quod
611 2408 891 2458 honestum
925 2411 1030 2458 est.-
1066 2412 1146 2459 est
1174 2407 1306 2460 fehlt

279 2475 331 2527 in
368 2475 466 2528 den
502 2474 650 2528 Hdss
689 2475 794 2531 und
836 2474 1031 2528 konnte
1076 2490 1170 2527 vor
1214 2476 1309 2527 sed

276 2543 437 2596 leicht
461 2542 728 2595 ausfallen.
771 2542 869 2596 Der
887 2542 1014 2595 Siun
1038 2542 1306 2608 erfordert,

276 2610 397 2664 dass
442 2611 583 2665 nicht
628 2612 908 2676 videatur,
957 2610 1177 2663 sondern
1227 2615 1306 2663 eet

268 2680 488 2799 aaz?
501 2678 1305 2800 ἶῧὲᾱὲὲέἓθεῗκῗῗὲἓέἶῗῗὲὶῗῖἓ

275 2818 532 2882 entgegen
573 2819 754 2869 esetzt.
798 2815 916 2883 Vgl.
943 2816 976 2881 θ
1004 2817 1067 2869 12
1104 2819 1163 2867 in
1200 2831 1305 2882 qua

274 2883 426 2949 quod
454 2886 545 2934 utt'
564 2900 592 2933 e
624 2883 900 2936 videretur·
923 2888 1022 2936 eet.
1057 2883 1163 2936 und
1185 2883 1218 2951 5
1237 2885 1302 2936 20

274 2966 432 3017 quae.
469 2953 593 3005 hon.
626 2957 756 3003 eunt
792 2957 890 3005 cet.

348 3022 394 3073 7.
432 3017 781 3087 addubitare,
831 3021 877 3074 d.
913 3021 947 3074 i.
985 3020 1061 3072 ad
1093 3019 1304 3071 dubita·-

273 3090 478 3140 tt‘ouem
514 3089 778 3155 accedere,
818 3091 932 3142 ‘nur
967 3089 1065 3142 deu
1137 3088 1304 3156 ering-

276 3161 392 3208 sten
429 3154 642 3209 Zweisel
677 3157 876 3224 hegen’.
941 3154 1059 3224 Vgl.
1152 3154 1181 3223 9
1219 3159 1300 3210 83.

277 3223 384 3274 Liv.
418 3223 459 3275 II
494 3228 543 3289 4,
581 3226 609 3275 7
665 3226 730 3277 de
779 3225 972 3291 legatis
1018 3223 1303 3292 paululum

275 3291 655 3343 addubitatum
688 3298 778 3346 est.
835 3292 946 3344 VIII
988 3296 1066 3358 to,
1103 3295 1134 3345 2
1160 3307 1303 3361 pau-

275 3357 443 3426 lisper
476 3356 829 3415 addubitavit.
944 3382 950 3388 ·

352 3430 426 3480 10.
467 3432 733 3496 tempore,
769 3428 822 3482 In
857 3426 1016 3496 Folge
1052 3427 1141 3480 der
1164 3426 1301 3481 ‘Ver-

268 3496 543 3563 hffltnisse,
578 3512 619 3549 s.
658 3511 701 3549 z.
737 3495 758 3548 1
791 3496 826 3565 ς
865 3497 947 3549 59.
1097 3518 1101 3523 ·

336 3566 415 3617 12.
436 3564 1098 3632 Eoeemplteaeusa-pateat
1111 3563 1302 3616 latium·

272 3631 507 3685 derselbe
532 3632 776 3686 Gedanke
812 3633 913 3685 wie
939 3633 960 3685 1
995 3633 1030 3702 ς
1056 3635 1115 3686 51
1159 3633 1304 3700 quod

270 3703 342 3751 ab
360 3700 538 3752 Ennio
561 3703 798 3766 potitum
822 3706 880 3753 in
902 3717 1015 3753 una
1037 3717 1101 3753 re
1125 3705 1301 3753 tram-

272 3767 417 3828 Γυνή
451 3771 510 3820 in
537 3771 835 3836 permultae
860 3773 1055 3837 potest.
1124 3770 1134 3783 ‘

346 3839 427 3889 15.
463 3838 666 3903 Populo
702 3839 917 3905 quidem
948 3837 1219 3889 Romano.-
1254 3853 1299 3893 z.

270 3903 316 3956 11
351 3903 384 3971 ᾗ
420 3906 485 3956 23
535 3906 827 3958 multorum
871 3907 1014 3959 odiis
1051 3934 1088 3944 -—
1127 3920 1301 3974 nuper

275 3977 355 4024 ωε
386 3976 681 4039 cognitum.

168 2079 233 2131 20
274 2086 413 2130 oum
444 2069 563 2145 illo,
596 2070 755 2150 quod
778 2071 1097 2133 honestum
1126 2069 1544 2150 intellegimuS,
1565 2086 1837 2151 pugnare
1859 2068 1917 2166 id
1939 2067 2251 2145 videbitur,
2278 2070 2436 2150 quod

1481 2205 1560 2257 18.
1599 2205 1848 2255 honentae
1882 2231 1923 2240 -
1960 2208 2144 2255 secuta
2180 2208 2272 2257 est.
2342 2202 2435 2256 Die

1408 2270 1558 2327 Hdss,
1614 2272 1782 2325 haben
1838 2273 2086 2325 honestas
2143 2273 2436 2326 utilitatem

1390 2345 1592 2392 -seeuta
1626 2345 1718 2406 eat,
1754 2339 1801 2393 d.
1827 2340 1877 2394 h.
1915 2341 2179 2393 entweder
2206 2341 2288 2394 die
2310 2341 2437 2395 Ehr-

1414 2407 1613 2461 barkeit
1636 2408 1702 2460 be
1738 2407 1915 2460 leitete
1939 2407 2037 2461 den
2062 2409 2280 2472 Nutzen,
2312 2410 2437 2463 oder

1409 2475 1485 2527 sie
1541 2490 1651 2527 war
1735 2476 1785 2528 ie
1830 2470 1990 2542 Folge
2043 2476 2134 2529 des
2178 2475 2434 2539 Nutzens3

1408 2543 1614 2596 immer'
1635 2543 1759 2596 aber
1800 2544 1977 2596 wurde
2013 2544 2173 2596 damit
2219 2546 2302 2597 ein
2338 2545 2437 2597 Be-

1409 2611 1693 2678 dingtsein‚
1747 2611 1862 2663 eine
1909 2611 2294 2679 Ahhfingigkeit
2346 2614 2435 2666 der

1406 2678 1626 2746 Tugend
1691 2694 1812 2739 vom
1864 2679 2066 2737 Nutzen
2132 2695 2317 2748 ausges
2355 2697 2435 2734 ro-

1408 2747 1568 2814 chen‚
1621 2747 1732 2800 also
1787 2747 1876 2800 der
1928 2747 2215 2816 Gegensatz
2269 2749 2318 2802 fa
2342 2750 2434 2802 sch

1404 2816 1535 2869 sein.
1572 2815 1849 2869 Entweder
1871 2815 1962 2869 hat
1986 2817 2075 2869 der
2091 2816 2435 2871 Abschreiber

1408 2884 1491 2936 die
1508 2884 1792 2951 Endungen
1814 2884 1903 2937 der
1921 2883 2101 2938 Worte
2118 2888 2432 2952 venauscht,

1363 3009 1370 3019 ,
1404 2967 1467 3006 ‘so
1505 2952 1624 3006 dass
1658 2967 1723 3005 zu
1759 2952 2027 3006 schrelben
2072 2954 2144 3008 ist
2190 2957 2435 3008 honesta-

1406 3026 1509 3072 tem
1555 3021 1769 3073 utilitas
1814 3026 1998 3074 secuta
2046 3028 2150 3089 est,
2205 3023 2328 3076 oder
2373 3038 2432 3076 es

1404 3089 1521 3142 sind
1544 3088 1628 3142 die
1655 3088 1727 3141 im
1751 3088 1916 3143 Texte
1951 3092 2226 3157 erganzten
2252 3091 2431 3144 Worte

1392 3170 1498 3210 aus
1536 3157 1740 3210 efallen.
1812 3157 1884 3210 So
1932 3157 2003 3210 ist
2037 3157 2127 3210 der
2159 3157 2432 3212 Ausdruek

1402 3241 1502 3277 noe
1558 3225 1879 3278 bestimmter
1898 3225 2003 3278 und
2020 3225 2283 3293 kriiftiger.
2311 3225 2427 3295 Vgl.

1400 3292 1469 3345 de
1506 3308 1604 3347 am.
1645 3296 1724 3358 14,
1762 3297 1822 3347 51
1872 3304 1982 3344 nou
2016 3296 2191 3359 igitm
2222 3295 2431 3348 utilita-

1405 3366 1509 3412 tem
1555 3362 1821 3428 amicitia,
1866 3362 1961 3413 sad
2003 3362 2213 3415 utilitas
2248 3367 2431 3417 amici-

1405 3433 1537 3482 tiam
1562 3435 1843 3482 consecuta
1867 3434 1962 3482 est.
1997 3428 2170 3497 Unger
2187 3434 2430 3486 verweist

1404 3498 1497 3551 auf
1527 3497 1762 3551 Anibi-os,
1799 3497 1863 3551 de
1899 3496 1987 3551 off.
2023 3498 2141 3552 cler.
2177 3498 2241 3552 111
2276 3504 2325 3566 9,
2361 3503 2428 3554 60

1399 3569 1590 3634 itaque
1623 3572 1676 3618 et
1710 3568 1957 3618 honestae
2001 3568 2233 3619 utilitati
2268 3584 2432 3635 prae-

1405 3633 1517 3687 lata
1561 3640 1641 3687 est
1679 3639 1735 3687 et
1763 3635 1981 3687 utilitas
2012 3642 2196 3688 secuta
2229 3641 2307 3688 est
2339 3638 2430 3689 lw-

1401 3709 1689 3770 aestatem,
1730 3717 1838 3756 was
1874 3702 2041 3756 dieser
2076 3703 2238 3757 Stelle
2275 3704 2429 3759 naeh-

1402 3771 1632 3839 gebildet
1666 3771 1883 3826 seheint.

1472 3841 1554 3893 20.
1592 3839 1956 3907 intellegimus
1990 3868 2031 3877 -
2070 3856 2103 3891 a
2178 3839 2428 3893 ollamus:

1400 3907 1566 3959 hierin
1625 3906 1754 3976 liegt
1806 3907 2038 3960 derselbe
2138 3908 2427 3962 ntersehied

1401 3974 1713 4043 aagedentet
1766 3976 1867 4028 wit!
1911 3975 1948 4043 ξ
2001 3978 2061 4030 18
2114 3974 2262 4042 q'uod
2292 3977 2427 4029 utile
