2813 4537
136 1659 196 1710 15

789 284 873 337 DE
912 283 1171 337 OFFIGIIS
1207 283 1324 339 ΠΒ.
1348 283 1426 338 111.
1499 284 1641 339 CAP.
1667 288 1745 339 14.
1787 289 1865 339 15.

2281 282 2404 347 209

239 457 494 536 cupidus
538 465 597 518 et
626 457 891 537 locuples
919 458 1088 534 tanti,
1133 458 1340 538 quanti
1370 458 1618 539 Pythius
1647 459 1850 533 voluit,
1888 466 1947 520 et
1976 459 2118 520 emit
2147 458 2408 523 instruc-

240 551 352 604 tos.
411 542 667 604 Nomina
711 543 866 619 facit,
921 544 1228 624 negotium
1272 544 1534 606 conficit.
1608 543 1822 606 Invitat
1865 544 2083 606 Canius
2123 544 2407 624 postridie

240 627 555 690 familiares
576 647 735 704 31103,
765 629 930 692 venit
951 629 1076 709 ipse
1106 637 1368 691 mature:
1400 629 1684 691 scalmum
1716 629 1948 691 nullum
1976 629 2150 692 videt.
2211 629 2406 701 Quae-

240 712 320 773 rit
361 731 433 774 ex
475 713 747 793 proximo
793 714 990 776 vicino
1038 733 1183 776 num
1226 714 1406 776 feriae
1455 715 1741 794 quaedam
1774 715 2145 799 piscatorum
2188 724 2405 792 essent,

243 797 404 877 quod
448 817 551 859 eos
593 799 791 861 nullos
834 800 1074 861 videret.
1154 800 1378 862 ‘Nullae
1422 801 1583 879 quod
1628 800 1848 876 sciam‚’
1901 799 2097 880 inquit
2143 802 2264 862 ‘sed
2309 802 2404 863 hic

242 882 630 963 piscarinulli
659 885 885 962 solent3
917 886 1118 964 itaque
1146 886 1275 946 heri
1305 885 1563 947 mirabar
1593 885 1735 965 quid
1763 884 2111 947 accidisset.'
2172 885 2405 947 Stoma·
2448 895 2509 946 60

242 967 407 1028 chari
430 968 675 1031 Canius:
708 971 811 1031 sed
835 970 976 1050 quid
999 968 1267 1031 faceret?
1311 971 1591 1033 Nondum
1615 971 1777 1032 enim
1801 970 1863 1033 C.
1888 969 2160 1050 Aquilius
2182 971 2407 1051 collega

242 1060 301 1113 et
341 1053 642 1116 familiaris
683 1073 853 1117 meus
895 1055 1226 1136 protulerat
1258 1056 1331 1117 de
1374 1056 1511 1117 dolo
1552 1057 1706 1118 malo
1738 1057 2051 1118 formulas:
2097 1055 2158 1117 in
2190 1056 2406 1136 quibus

241 1138 386 1218 ipsis
428 1158 564 1201 cum
607 1158 679 1201 ex
724 1160 794 1201 eo
840 1148 1225 1221 quaereretur
1272 1141 1414 1221 quid
1446 1149 1600 1203 esset
1629 1142 1801 1203 dolus
1828 1143 2035 1217 11131113,
2078 1144 2404 1222 responde-

134 1232 195 1284 10
237 1223 357 1297 bat,
402 1243 540 1286 cum
587 1233 744 1287 esset
779 1227 936 1289 aliud
966 1226 1323 1301 simulatum,
1369 1226 1528 1288 aliud
1558 1234 1774 1288 actum.
1834 1226 1963 1288 Hoc
1994 1226 2232 1306 quidem
2262 1246 2406 1290 sane

241 1309 562 1386 luculente,
611 1319 676 1372 ut
717 1311 789 1373 ab
831 1312 1075 1374 homine
1116 1311 1309 1391 perito
1354 1311 1693 1373 definiendi.
1764 1310 1923 1391 Ergo
1967 1318 2026 1372 et
2055 1312 2301 1392 Pythius
2348 1322 2407 1376 et

243 1412 454 1456 omnes
483 1396 641 1457 aliud
671 1406 932 1477 agentes,
967 1398 1124 1459 aliud
1153 1397 1500 1460 simulantes
1529 1397 1758 1477 perfidi,
1804 1396 2081 1477 improbi,
2112 1395 2405 1461 malitiosi.

240 1480 482 1541 Nullum
525 1480 705 1560 igitur
748 1501 957 1546 eorum
999 1485 1221 1546 factum
1265 1489 1464 1563 potest
1493 1481 1635 1545 utile
1667 1502 1815 1557 esse,
1861 1501 1999 1544 cum
2029 1481 2105 1544 sit
2133 1490 2223 1544 tot
2251 1482 2405 1545 vitiis

242 1564 639 1643 inquinatum.

412 1649 585 1722 Quod
631 1651 681 1713 si
710 1651 1021 1732 Aquiliana
1063 1652 1329 1713 definitio
1370 1670 1511 1712 vera
1554 1659 1661 1727 est,
1705 1669 1778 1711 ex
1821 1652 1987 1712 omni
2015 1652 2132 1713 vita
2162 1652 2401 1716 simula·
2435 1653 2506 1711 15

241 1734 325 1795 tio
370 1735 875 1816 dissimulatioque
919 1736 1183 1798 tollenda
1213 1744 1319 1798 est.
1380 1736 1467 1797 Ita
1498 1754 1610 1798 nec
1640 1743 1709 1797 ut
1737 1744 1893 1797 emat
1921 1737 2151 1811 meliuS,
2196 1757 2309 1799 nec
2341 1747 2408 1799 ut
2447 1736 2507 1788 61

240 1822 486 1896 vendat,
532 1821 850 1902 quicquam
891 1821 1192 1884 simulabit
1233 1830 1334 1883 aut
1379 1819 1771 1884 dissimulabit
1809 1820 1899 1881 vir
1939 1821 2157 1883 bonus.
2225 1822 2407 1903 Atqui

240 1904 350 1967 iste
385 1906 557 1968 dolus
587 1907 777 1969 malus
808 1915 867 1968 et
894 1907 1124 1988 legibus
1152 1914 1279 1969 erat
1308 1906 1657 1979 vindicatus,
1688 1913 1757 1966 ut
1784 1905 1847 1967 in
1878 1906 2061 1968 tutela
2091 1907 2405 1969 duodecim

313 2057 363 2108 2.
414 2054 655 2109 Nomina
674 2055 833 2118 facit.
886 2056 986 2109 Der
1002 2056 1274 2110 Ausdruck

243 2123 384 2176 steht
430 2124 622 2179 ebenso
669 2140 774 2178 von
820 2124 937 2177 dem
981 2125 1274 2192 Glaubiger,

245 2191 473 2244 welcher
496 2192 596 2245 den
619 2193 815 2246 Namen
844 2193 937 2247 des
960 2192 1272 2247 Schuldners

245 2259 399 2312 nebst
448 2259 537 2313 der
583 2262 885 2329 schuldigen
934 2261 1142 2316 Summe
1196 2263 1272 2317 als

243 2327 539 2394 Expensum
573 2329 627 2381 in
669 2330 779 2382 sein
816 2329 1145 2384 Schuldbuch
1182 2347 1275 2383 no-

245 2394 336 2447 tirt
351 2435 365 2461 ,
413 2395 492 2448 313
526 2412 630 2449 von
666 2396 782 2449 dem
819 2397 1103 2451 Schuldner
1116 2439 1130 2464 ,
1184 2399 1273 2451 der

244 2462 554 2530 umgekehrt
571 2464 670 2518 den
686 2464 883 2519 Posten
906 2466 983 2518 als
1005 2471 1275 2532 acceptum

245 2532 484 2599 eintrfigt.
522 2531 633 2600 Dig.
653 2532 749 2585 XV
772 2537 816 2599 1,
835 2536 886 2598 4,
909 2535 934 2586 1
959 2537 1008 2584 si
1030 2550 1156 2585 vero
1181 2550 1276 2586 uo-

244 2603 398 2652 mina
419 2604 499 2652 ita
520 2600 719 2663 fecerit
742 2602 1012 2668 dominus,
1036 2608 1100 2653 ut
1119 2606 1278 2668 quasi

241 2668 538 2720 debitorem
561 2687 618 2722 se
638 2687 790 2723 servo
812 2668 1034 2731 faceret.
1071 2669 1191 2722 Hier
1204 2670 1274 2723 ist

243 2736 459 2790 deshalb
497 2738 684 2791 Canius
732 2739 809 2792 als
847 2737 1063 2803 Subject
1098 2738 1274 2790 aufzu·

242 2804 435 2860 fassen.
489 2805 610 2859 Man
628 2823 769 2860 1111133
790 2805 1011 2871 denken,
1042 2805 1162 2859 dass
1180 2806 1272 2858 das

243 2871 491 2926 Geschaft
524 2875 609 2927 bei
654 2875 743 2928 der
777 2874 1054 2928 Ruckkehr
1100 2874 1154 2927 in
1191 2874 1274 2926 die
1306 2892 1328 2916 ο

243 2939 398 2993 Stadt
421 2942 825 3008 abgeschlossen
844 2943 989 3008 wird,
1014 2959 1098 2996 wo
1122 2942 1274 2995 beide

242 3012 351 3061 erst
403 3009 487 3061 die
541 3009 928 3064 Schuldbiicber
985 3027 1077 3064 zur
1127 3010 1274 3065 Hand

241 3077 440 3132 hatten.
494 3077 596 3132 Das
624 3078 840 3145 Subject
871 3080 1058 3132 Canius
1088 3079 1158 3132 ist
1186 3079 1273 3131 bei

243 3144 361 3196 dem
413 3145 690 3213 folgenden
743 3146 899 3201 Satze
950 3147 1273 3214 wiederholt,

242 3212 368 3264 weil
398 3212 463 3266 da
489 3216 602 3268 eine
634 3231 766 3269 neue
783 3215 952 3270 Phase
980 3215 1071 3268 der
1086 3216 1275 3268 Erzah-

242 3281 334 3331 lun
404 3280 637 3347 beginnt.
671 3311 741 3322 -·
781 3283 935 3336 Diese
969 3283 1145 3336 Weise
1180 3284 1272 3337 des

246 3294 503 3400 Veiffxaul's
541 3349 651 3413 (der
687 3355 1006 3417 sogenannte
1039 3352 1274 3405 Litteral-

244 3416 518 3482 eontract),
571 3432 686 3470 erze
864 3419 996 3471 eben
1047 3435 1108 3472 30
1158 3420 1272 3473 eine

246 3486 402 3551 steng
419 3484 688 3553 einseitige
741 3485 957 3540 ordei-un
1014 3486 1105 3539 des
1121 3486 1275 3540 Glau-

244 3551 419 3618 bigers
456 3554 557 3606 wie
593 3553 684 3608 der
717 3555 928 3621 heutige
1031 3555 1220 3608 echsel.

317 3623 363 3673 3.
392 3622 652 3674 scalmum
675 3624 904 3689 nullum,
932 3623 1075 3675 nicht
1087 3623 1275 3676 einmal

247 3687 332 3740 ein
384 3688 674 3744 Ruderholz
687 3733 700 3759 ,
754 3691 1083 3759 geschweige
1139 3691 1272 3745 denn

244 3756 398 3809 einen
432 3757 660 3815 Nachen.

315 3827 366 3877 5.
403 3827 549 3892 quod
582 3844 671 3881 eos
704 3829 881 3880 nullos
900 3829 1126 3895 videt-et,
1152 3828 1273 3881 weil

247 3906 303 3944 er
355 3892 508 3947 deren
567 3895 721 3950 keine
780 3896 928 3958 3ἓ110;
989 3896 1089 3950 wie
1143 3906 1274 3963 quos

245 3960 443 4015 multos
475 3964 647 4017 video.

350 4054 443 4098 Cic.
466 4052 522 4099 de
552 4055 732 4101 officiis.
785 4060 823 4102 5.
849 4058 960 4102 Aua.

1447 2061 1495 2110 7.
1534 2056 1587 2109 G.
1616 2056 1869 2122 Aquilius
1901 2056 2085 2108 Gallus
2120 2071 2230 2110 war
2252 2056 2405 2109 Prae-
2506 2057 2511 2063 ’

1379 2130 1461 2178 tor
1495 2127 1595 2178 688
1626 2125 1753 2190 (66),
1792 2124 1902 2177 also
1939 2124 2144 2178 Ciceros
2178 2124 2402 2192 College.

1376 2192 1469 2246 Die
1502 2192 1746 2255 formula
1782 2193 1960 2247 wurde
1983 2193 2037 2245 in
2070 2193 2186 2246 dem
2208 2192 2405 2246 damals

1376 2262 1673 2330 gangbaren
1707 2261 2196 2315 Processverfahren
2210 2304 2223 2326 ‚
2280 2261 2406 2314 wel-

1376 2332 1500 2383 ches
1526 2330 1693 2383 davon
1728 2330 1827 2383 den
1846 2328 2049 2383 ‘Namen
2082 2330 2173 2383 des
2197 2330 2407 2384 Formu-
2512 2370 2517 2377 .

1376 2398 1722 2465 larprocesses
1775 2398 1944 2450 fubrte
1959 2437 1974 2464 ,
2026 2398 2142 2450 dem
2195 2397 2405 2451 Richter

1376 2482 1501 2519 vom
1529 2465 1711 2517 Prator
1746 2466 1824 2518 313
1850 2465 2158 2518 Instruction
2198 2465 2282 2518 fiir
2312 2465 2403 2519 das

1377 2532 1660 2586 Verfahren
1697 2533 1946 2600 gegeben.
2008 2532 2100 2585 Die
2134 2532 2405 2595 famulae

1377 2600 1469 2654 des
1504 2601 1760 2667 Aquilius
1793 2603 1859 2653 de
1892 2601 2016 2653 dolo
2049 2601 2191 2653 malo
2228 2616 2403 2655 waren

1378 2669 1559 2722 solche
1593 2668 1968 2723 Instructionen
2018 2669 2099 2721 fiir
2144 2669 2227 2722 die
2272 2669 2406 2723 Fiih·

1372 2753 1472 2790 run
1531 2753 1635 2790 von
1665 2736 2216 2805 Restitutionsklagen‚
2252 2752 2406 2791 wenn

1374 2805 1461 2857 bei
1529 2804 1714 2858 erkauf
1737 2804 1859 2858 oder
1879 2806 2151 2858 fibulichen
2169 2804 2406 2859 Verban-

1375 2873 1549 2926 nissen
1605 2873 1718 2925 eine
1772 2872 2136 2941 Ueberlistung
2188 2879 2405 2942 stattge-

1375 2940 1569 2995 funden
1605 2942 1763 2995 hatte.

1448 3013 1497 3064 8.
1532 3013 1592 3061 in
1628 3012 1821 3076 quibus
1850 3015 1947 3064 cet.
2020 3009 2188 3063 Wenn
2226 3026 2281 3062 er
2317 3025 2404 3077 ge-

1375 3077 1512 3145 fragt
1530 3078 1723 3144 wurde,
1750 3093 1859 3130 was
1888 3078 1943 3130 in
1964 3078 2142 3131 diesen
2166 3077 2404 3131 Formeln

1375 3146 1532 3199 dolm-
1552 3146 1727 3198 malm
1759 3145 1999 3210 bedeute,
2035 3162 2094 3198 so
2129 3145 2324 3213 pssegte
2349 3160 2403 3198 er

1375 3230 1442 3267 zu
1490 3218 1794 3267 antworten.
1849 3243 1915 3252 -—
1965 3212 2086 3265 Man
2122 3229 2264 3267 1111133
2316 3229 2405 3266 311-

1374 3283 1612 3348 11011111011,
1648 3282 1766 3335 11333
1793 3282 1883 3336 der
1904 3280 2103 3348 Begriff
2132 3281 2224 3334 des
2248 3282 2404 3334 dolus

1373 3351 1550 3402 malus
1584 3365 1678 3403 vor
1699 3350 1938 3418 Aquilius
1974 3350 2108 3403 noch
2143 3350 2285 3403 nicht
2314 3365 2414 3418 ge·-

1374 3418 1526 3486 horig
1554 3418 1823 3484 juristiscb
1858 3418 2170 3485 festgestellt
2206 3434 2329 3474 war.

1448 3490 1526 3541 13.
1564 3487 1729 3538 utile:
1761 3502 1805 3539 z.
1842 3486 1876 3554 ξ
1907 3490 1988 3540 57.

1451 3559 1529 3608 17.
1563 3555 1750 3622 Atqui.
1803 3553 1874 3607 So
1908 3555 1978 3607 ist
2012 3555 2144 3607 113011
2180 3554 2269 3607 der
2303 3554 2402 3606 Be·

1376 3624 1657 3690 stimmung
1680 3622 1772 3675 des
1794 3622 2033 3690 Aquilius
2061 3622 2185 3688 jede
2211 3621 2404 3674 Ueber·

1377 3691 1577 3759 lietung
1594 3690 2045 3758 ausgeschlossen:
2067 3691 2189 3743 aber
2201 3689 2401 3742 {reilich
2472 3734 2485 3743 .

1377 3774 1490 3812 war
1505 3759 1732 3812 dieselbe
1756 3759 1916 3812 3011011
1935 3759 2121 3811 voi-her
2140 3758 2298 3811 durch
2317 3757 2401 3811 die

1376 3827 1467 3880 XII
1486 3826 1671 3880 Tafeln
1687 3827 1953 3879 vex-boten.
1992 3842 2031 3880 3.
2065 3826 2192 3894 §13-
2211 3829 2295 3882 48.

1442 3897 1519 3948 18.
1538 3899 1602 3945 ut
1618 3898 1679 3946 in
1696 3895 1881 3961 tutela,
1899 3895 2000 3947 wie
2017 3895 2102 3946 bei
2115 3893 2401 3949 Vormund·

1375 3963 1763 4018 schaftssachen
1788 3962 1871 4016 die
1895 3962 2259 4031 Uebetlistung
2288 3977 2403 4015 ver-

1930 4052 1993 4103 14
