2813 4537
381 274 466 337 eo
1012 276 1096 329 ns
1134 233 1394 328 omens
1432 275 1550 331 L113.
1569 276 1605 331 1.
1676 274 1819 329 cAP.
1839 278 1917 330 15.

387 452 532 514 nino
566 468 692 512 esse
722 449 1190 530 neglegendum,
1237 449 1303 510 in
1332 466 1454 528 quo
1484 446 1680 528 aliqua
1710 447 2060 527 significatio
2089 448 2322 510 virtutis
2350 467 2532 530 appa-

385 547 529 611 reat,
560 535 874 598 colendum
903 542 1100 597 autem
1131 552 1259 596 esse
1287 533 1365 595 ita
1397 551 1693 614 quemque
1723 533 1991 608 maxime,
2027 542 2095 596 ut
2124 534 2377 615 quisque
2406 553 2533 596 ma-

384 623 539 684 xime
567 620 880 682 virtutibus
907 620 1002 682 his
1029 618 1358 681 lenioribus
1387 617 1501 680 erit
1532 627 1801 694 ornatuS,
1832 619 2115 680 modestia
2132 666 2148 695 ,
2194 628 2532 701 temperan-

312 750 320 759 „
384 708 497 782 tia,
538 710 649 769 hac
677 707 836 787 ipsa,
883 706 954 766 de
986 724 1100 786 qua
1130 704 1311 766 multa
1342 704 1458 765 iam
1487 704 1641 767 dicta
1672 713 1845 779 sunt,
1888 705 2126 767 iustitia.
2185 705 2333 766 Nem
2362 705 2532 768 fortis

283 1052 342 1105 47

279 2245 341 2297 49

385 793 620 855 animus
649 799 708 853 et
728 808 978 870 magnus
1006 791 1069 852 in
1100 789 1343 853 bomine
1366 807 1489 850 non
1514 790 1777 870 perfeeto
1803 809 1917 851 nec
1940 791 2190 871 sapienti
2212 791 2534 855 ferventior

384 878 737 959 plerumque
768 885 887 950 est,
917 875 1051 937 illae
1080 876 1324 937 virtutes
1351 873 1579 937 bonum
1609 875 1798 937 virum
1826 875 2099 938 videntur
2128 877 2328 957 potius
2355 878 2531 940 attin·

372 1024 376 1028 Α
387 981 546 1043 gere.
607 963 798 1042 Atque
826 961 974 1023 haec
1002 961 1066 1022 in
1096 960 1378 1022 moribus.

559 1046 644 1108 De
673 1045 1080 1109 benevolentia
1108 1053 1328 1120 autem,
1360 1062 1538 1125 quam
1558 1044 1808 1126 quisque
1837 1045 2051 1108 habeat
2081 1064 2216 1126 erga
2250 1066 2379 1124 nos,
2410 1049 2535 1128 pri-

387 1151 551 1194 mum
582 1132 729 1193 illud
759 1139 848 1193 est
877 1131 939 1192 in
971 1131 1167 1193 officio
1187 1177 1203 1205 ‚
1251 1138 1317 1191 ut
1345 1131 1398 1191 ei
1429 1130 1749 1211 plurimum
1778 1130 2139 1206 tribuamuS,
2184 1152 2218 1195 a
2248 1151 2368 1214 quo
2399 1133 2534 1214 plu-

387 1219 603 1280 rimum
633 1216 966 1296 diligamur,
996 1216 1100 1278 sed
1123 1213 1593 1278 benevolentiam
1616 1235 1738 1278 non
1766 1217 2344 1281 adulescentulorum
2366 1236 2533 1280 more

386 1304 597 1365 ardore
627 1302 882 1383 quodam
910 1301 1159 1376 amoris,
1204 1302 1305 1363 sed
1348 1301 1665 1364 stabilitate
1702 1302 1902 1383 potius
1932 1312 1991 1364 et
2019 1304 2349 1366 constantia
2379 1304 2531 1366 iudi-

387 1407 608 1450 cemus.
653 1388 756 1449 Sin
785 1397 960 1449 erunt
981 1387 1210 1462 merita,
1233 1397 1447 1448 utnon
1473 1388 1753 1462 ineunda,
1777 1389 1880 1449 sed
1899 1389 2205 1451 referenda
2228 1389 2304 1450 sit
2326 1390 2531 1469 gratia,

386 1474 575 1536 maior
605 1473 888 1554 quaedam
920 1491 1061 1535 cura
1090 1472 1422 1535 adhibenda
1453 1483 1574 1548 est;
1621 1473 1853 1535 nullum
1885 1474 2043 1534 enim
2068 1474 2350 1536 >officium
2379 1474 2532 1536 refe-

385 1559 571 1621 renda
600 1558 784 1638 gratia
813 1558 1001 1639 magis
1029 1557 1431 1620 necessarium
1461 1566 1567 1620 est.
1628 1558 1800 1631 Quod
1820 1559 1871 1620 si
1895 1578 1982 1635 ea,
2013 1578 2165 1640 quae
2187 1560 2403 1622 utenda
2433 1578 2532 1621 ac-

387 1644 636 1725 ceperiS‚
666 1643 888 1706 maiore
911 1661 1210 1717 mensura,
1240 1643 1287 1704 si
1312 1643 1489 1705 modo
1521 1644 1737 1725 possiS,
1768 1643 1932 1706 iubet
1952 1645 2196 1707 reddere
2217 1645 2530 1719 HesioduS,

388 1729 670 1810 quidnam
715 1728 1006 1790 beneficio
1052 1729 1355 1810 provocati
1398 1728 1593 1792 facere
1621 1728 1949 1791 debemus?
2006 1749 2082 1791 an
2114 1730 2327 1792 imitari
2358 1748 2532 1810 agros

385 1815 626 1890 fertileS,
657 1815 759 1895 qui
789 1815 976 1876 multo
1007 1814 1144 1894 plus
1173 1814 1430 1877 efferunt
1456 1833 1630 1895 quam
1663 1813 2067 1896 acceperunt?
2124 1816 2360 1878 Etenim
2389 1816 2439 1877 si
2469 1817 2531 1877 in

387 1918 509 1975 eos,
541 1918 693 1981 quos
721 1917 1029 1981 speramus
1057 1899 1233 1961 nobis
1261 1899 1627 1981 profuturos,
1656 1919 1779 1962 non
1804 1900 2143 1963 dubitamus
2171 1901 2531 1964 officia-con-

385 1986 576 2060 ferre,
617 1985 824 2065 quales
864 1985 928 2046 in
975 2002 1078 2045 eos
1121 2002 1249 2045 esse
1277 1984 1595 2059 debemm,
1638 1987 1740 2066 qui
1784 1986 1900 2047 iam
1930 1985 2326 2067 profuerunt?
2383 1986 2530 2049 Nam

387 2088 524 2132 cum
554 2070 672 2131 duo
704 2088 922 2150 genera
949 2068 1314 2131 liberalitatis
1343 2071 1485 2147 sint,
1516 2089 1705 2133 unum
1735 2072 1911 2133 dandi
1939 2071 2245 2147 beneficii,
2275 2072 2530 2134 alterum

384 2154 699 2229 reddendi,
729 2155 936 2216 demus
966 2173 1156 2216 neone
1184 2155 1246 2216 in
1279 2164 1481 2219 nostra
1510 2165 1803 2237 potestate
1825 2165 1946 2218 est:
1980 2176 2103 2219 non
2133 2158 2378 2220 reddere
2406 2157 2530 2220 viro

384 2241 545 2303 bono
578 2258 701 2303 non
729 2239 899 2316 licet,
942 2240 1123 2302 modo
1155 2241 1215 2303 id
1244 2241 1438 2305 facere
1468 2242 1654 2324 possit
1684 2243 1813 2305 sine
1843 2242 2076 2314 iniuria.
2138 2244 2532 2326 Acceptorum

387 2337 582 2389 autem
612 2327 1038 2389 beneficiorum
1068 2335 1210 2389 sunt
1237 2327 1487 2390 dilectus
1514 2328 1790 2404 habendi,
1822 2347 1935 2390 nec
1955 2329 2201 2391 dubium
2232 2330 2379 2410 quin
2408 2349 2532 2391 ma·-

384 2412 542 2473 ximo
588 2412 805 2493 cuique
847 2412 1171 2494 plurimum
1216 2412 1514 2476 debeatur.
1603 2413 1670 2474 In
1704 2433 1823 2495 quo
1854 2424 2049 2475 tamen
2080 2415 2142 2476 in
2172 2416 2381 2497 primis
2411 2434 2531 2496 quo

384 2528 602 2595 Tugend
646 2529 836 2582 besitzt
881 2528 1037 2581 allein
1089 2530 1178 2583 der
1212 2529 1403 2598 Weise,

372 2596 468 2649 *die
479 2597 694 2664 iibrigen
706 2614 802 2649 nur
811 2596 1060 2651 Sobatten
1073 2598 1164 2651 der
1171 2598 1403 2666 Tugend.

384 2664 441 2717 In
477 2665 771 2719 demselben
798 2665 958 2718 Sinne
989 2671 1106 2733 sagt
1143 2667 1318 2721 Cicero
1342 2667 1406 2719 111

385 2733 418 2801 5
447 2737 506 2788 13
529 2735 915 2786 similitudines
943 2737 1166 2787 honesti.
1200 2736 1262 2787 ΠΙ
1291 2736 1404 2803 §69

382 2804 574 2853 umbra
620 2807 672 2853 et
705 2806 969 2867 imagines
1011 2803 1082 2854 im
1117 2803 1404 2870 Gegensatz

384 2885 449 2921 zu
500 2885 660 2921 verae
711 2873 953 2921 iustitiae
1002 2870 1175 2942 solida
1220 2877 1272 2923 et
1314 2889 1406 2923 ea·-

379 2953 564 3004 pressa
600 2936 829 3003 effigies.

454 3024 501 3074 3.
538 3024 831 3074 virtutibus
867 3022 1191 3075 lenioribus:
1224 3025 1268 3077 11
1290 3025 1323 3093 ξ
1343 3027 1409 3079 32

385 3106 522 3156 quae
552 3094 830 3157 pertinent
857 3093 931 3143 ad
950 3095 1410 3145 mansuetudinem

381 3175 594 3210 morum
628 3167 693 3211 ae
724 3159 1063 3221 facilitatem

452 3246 499 3297 6.
537 3248 830 3311 attingere.-
882 3247 915 3315 ξ
957 3250 1032 3301 18.

452 3331 500 3381 8.
538 3329 603 3379 de
621 3332 1000 3399 benevolentia,
1016 3333 1070 3386 in
1088 3331 1406 3386 Anbetracbt

383 3396 475 3449 des
492 3396 900 3460 Wohlwollens;
937 3415 997 3453 so
1031 3400 1171 3453 steht
1205 3401 1270 3452 de
1310 3400 1408 3453 mit

385 3464 580 3517 seinem
627 3463 930 3519 Substantiv
975 3469 1109 3522 ohne
1157 3484 1404 3535 gramma·

383 3533 548 3586 tische
560 3533 860 3601 Beziehung
872 3535 963 3587 auf
972 3536 1065 3589 das
1074 3536 1299 3590 Verbum
1311 3535 1403 3589 des

383 3600 563 3655 Satzes
586 3601 788 3670 hafflig,
813 3618 858 3656 z.
877 3602 936 3656 B.
964 3603 1028 3656 ad
1052 3604 1172 3657 sam.
1194 3604 1238 3656 11
1266 3608 1344 3670 17,
1372 3606 1402 3657 2

382 3671 447 3721 de
479 3673 786 3723 rationibus
817 3671 1119 3734 refer-endis
1153 3689 1262 3725 non
1288 3679 1436 3732 erat,

379 3740 772 3791 incommodum
808 3746 858 3792 le
890 3741 1068 3793 nullas
1100 3740 1326 3804 referre.

453 3824 532 3876 12.
582 3823 872 3887 refer-enda
901 3830 1122 3893 gralia.-
1166 3827 1249 3880 ein
1286 3827 1405 3880 sehr

381 3891 604 3945 seltener
640 3893 905 3946 Gebrauch
940 3894 1032 3947 des
1067 3895 1278 3949 Ablativ
1306 3896 1404 3949 Ge-

376 3959 546 4014 rundii
570 3964 698 4013 statt
722 3977 880 4027 quam
914 3964 1010 4015 mit
1035 3964 1150 4017 dem
1174 3962 1402 4017 Infinitiv

1507 2530 1639 2582 nach
1684 2530 1851 2583 einem
1888 2530 2237 2599 Comparativ,
2285 2533 2389 2600 vgl.
2426 2532 2461 2599 ξ
2498 2535 2529 2584 5

1499 2603 1805 2667 praeceptis
1841 2600 2131 2653 tradendis.

1580 2670 1660 2720 15.
1696 2670 1847 2720 iubet
1866 2669 2109 2734 reddere,
2142 2669 2271 2722 iiber
2294 2669 2377 2722 die
2399 2669 2533 2722 Aus-

1507 2736 1720 2803 lassung
1754 2737 1846 2788 des
1881 2735 2169 2789 Pronomen
2222 2754 2262 2790 s.
2312 2754 2357 2790 z.
2395 2736 2429 2803 ξ
2463 2739 2531 2790 30

1506 2809 1692 2855 vetant
1721 2820 1899 2870 agere.
2238 2859 2266 2886 γ

1576 2873 1837 2955 Ῑζωίοάτιε
1885 2872 1997 2944 ἕργ.
2052 2875 2151 2926 349
2205 2891 2265 2924 ευ
2302 2874 2413 2957 neg,
2438 2891 2530 2957 μες

1510 2939 2315 3063 Ἑρῗέἕῑῖιαιπῖἰῗῖῒῶγεῗῳοςέτ
2354 2960 2413 2992 ευ
2443 2936 2535 3061 ’ἐπὶ

1509 3025 1697 3143 anglor,
1734 3077 1800 3129 αἴ
1825 3029 2165 3158 ‚zefanus-⁹
2185 3029 2271 3130 ’.59
2304 3026 2532 3159 §3124qu-

1512 3147 1651 3209 ι’ζων
1683 3148 1775 3197 καὶ
1799 3150 1853 3197 ἐς
1882 3161 2113 3217 υστερον
2146 3144 2339 3216 ἄρκιον
2360 3163 2533 3217 evene.

1573 3217 1651 3266 16.
1671 3230 1761 3266 an.
1777 3213 1871 3267 Die
1882 3213 2043 3280 Frage
2053 3214 2145 3266 mit
2155 3231 2227 3265 an
2236 3214 2436 3268 enthfilt
2447 3200 2531 3267 die

1510 3280 1749 3335 Antwort
1771 3282 1864 3334 auf
1883 3282 1967 3335 die
1991 3286 2127 3335 erste
2149 3281 2327 3349 Frage,
2358 3283 2532 3336 indem

1484 3350 1652 3403 ,ὤθεε
1698 3349 1938 3404 Antwort
1981 3351 2140 3403 durch
2199 3351 2315 3404 eine
2360 3350 2533 3404 Muth-

1508 3433 1753 3485 massung
1785 3432 1999 3486 vorweg
2042 3434 2348 3486 genommen
2384 3420 2532 3473 wit-d.

1507 3486 1662 3540 Tusc.
1681 3487 1724 3546 11
1744 3490 1824 3552 18,
1838 3489 1904 3539 42
1935 3488 2081 3541 Unde
2104 3490 2285 3552 igitur
2303 3489 2533 3540 ordiar?

1508 3570 1580 3606 an
1616 3555 1798 3607 eadem
1834 3557 2068 3608 breviter
2097 3559 2398 3622 attingam?
2466 3557 2533 3609 ad

1508 3621 1615 3676 Att.
1639 3622 1681 3674 11
1703 3627 1755 3690 5,
1778 3628 1800 3676 l
1845 3623 1989 3688 Quid
2009 3627 2153 3675 enim
2186 3628 2364 3675 nostri
2396 3628 2534 3692 opli-

1504 3697 1690 3757 mateS,
1714 3695 1764 3743 si
1791 3696 1889 3759 qui
1912 3693 2116 3760 reliqui
2140 3697 2283 3757 sunt,
2314 3693 2532 3759 loquen-

1510 3763 1634 3811 tur?
1702 3776 1776 3812 an
1817 3776 1903 3812 me
1948 3762 2131 3828 aliquo
2171 3765 2415 3828 praemio
2465 3762 2532 3813 de

1503 3833 1771 3880 sententia
1804 3845 1911 3880 esse
1946 3831 2267 3883 deductum?

1576 3899 1659 3950 22.
1694 3900 1812 3948 sine
1834 3902 2064 3964 iniuria,
2100 3899 2134 3951 i.
2154 3914 2199 3952 e.
2235 3898 2399 3950 ‘salva
2421 3898 2529 3961 fide

1507 3970 1560 4015 et
1583 3968 1791 4033 pietate
1823 3969 1885 4018 in
1913 3969 2229 4035 prooeimos'.
2293 3966 2448 4020 Heus-

2576 1227 2634 1279 10

2576 1646 2633 1699 15
