2813 4537
397 262 526 322 '154
1019 262 1104 315 DE
1141 254 1404 315 oltricus
1441 261 1559 315 ΠΒ.
1578 262 1635 315 11.
1685 261 1828 316 CAP.
1851 266 1930 317 15.

392 437 651 518 epistula
681 436 932 516 quadam
961 436 1360 497 Alexandrum
1390 434 1578 495 filium
1609 433 1917 515 Philippus
1946 440 2199 509 accusat,
2247 436 2407 514 quod
2436 434 2555 495 lar-

395 523 621 603 gitione
645 521 1119 583 benevolentiam
1135 520 1527 583 Macedonum
1552 527 1959 582 consectetur:
1985 519 2170 590 ‘Quae
2192 528 2270 595 te,
2293 519 2556 581 maluml’

392 607 591 687 inquit
620 606 790 669 ‘ratio
833 607 895 668 in
937 603 1108 669 istam
1153 625 1319 687 spem
1361 605 1623 678 induxit,
1671 612 1738 667 ut
1767 624 1871 667 eos
1914 605 2022 666 tibi
2066 605 2269 666 fideles
2310 612 2554 685 putares

392 694 544 768 fore,
577 711 728 771 quos
751 692 1006 772 pecunia
1028 688 1438 771 corrupisses?
1482 692 1572 752 An
1603 699 1670 752 tu
1700 690 1760 752 id
1788 691 1930 774 agis,
1961 698 2029 751 ut
2050 690 2404 752 Macedones
2425 707 2552 752 non

394 787 453 840 te
475 795 677 858 regem
699 796 892 853 suum,
923 778 1025 839 sed
1046 777 1386 838 ministrum
1409 785 1470 837 et
1490 775 1887 855 praebitorem
1908 785 2136 857 sperent
2156 777 2290 855 fore
2302 773 2355 835 θ’
2386 776 2553 836 Bene
2597 784 2633 835 6

396 862 755 924 ‘ministrum
798 871 860 923 et
902 861 1338 943 praebitorem’‚
1383 861 1521 942 quia
1564 861 1869 924 sordidum
1898 861 2053 941 regi,
2103 861 2315 923 melius
2355 861 2552 936 etiam,

396 950 559 1027 quod
585 948 960 1028 largitionem
1000 948 1397 1027 corruptelam
1429 946 1574 1008 dixit
1614 966 1760 1009 esse.
1821 946 1916 1007 Fit
1960 946 2121 1012 enim
2163 945 2421 1007 deterior
2452 946 2556 1025 qui

398 1033 612 1113 accipit
641 1039 817 1112 atque
849 1034 921 1093 ad
964 1032 1120 1094 idem
1149 1052 1382 1113 semper
1427 1034 1889 1112 exspectandum
1933 1032 2212 1111 paratior.
2286 1031 2417 1093 Hoc
2455 1031 2555 1092 ille

395 1119 538 1194 filio,
569 1119 669 1179 sed
694 1126 1079 1199 praeceptum
1100 1127 1379 1197 putemus
1409 1118 1706 1179 omnibus,
1753 1117 1945 1188 Quam
1968 1118 2045 1179 ob
2066 1136 2192 1178 rem
2224 1116 2282 1177 id
2315 1117 2554 1196 quidem

292 1247 299 1252 -
397 1223 520 1265 non
552 1202 797 1264 dubium
828 1212 945 1278 est,
990 1204 1136 1283 quin
1182 1204 1277 1265 illa
1306 1204 1674 1283 benignitas,
1720 1221 1871 1282 quae
1900 1209 2135 1264 constet
2178 1219 2249 1263 ex
2287 1220 2469 1283 opera
2497 1207 2558 1262 et
2601 1208 2665 1262 10

394 1288 704 1364 industria,
737 1296 795 1350 et
822 1289 1132 1351 honestior
1160 1289 1236 1350 sit
1265 1298 1325 1350 et
1354 1289 1529 1350 latius
1558 1296 1757 1367 pateat
1797 1297 1855 1349 et
1882 1288 2070 1368 possit
2105 1288 2387 1366 prodesse
2416 1287 2552 1367 plu·

396 1374 593 1436 ribus:
625 1393 749 1436 non
782 1392 1109 1453 numquam
1138 1381 1335 1435 tamen
1369 1382 1459 1436 est
1480 1373 1851 1453 largiendum
1883 1392 1994 1435 nec
2024 1374 2139 1433 hoc
2168 1372 2556 1452 benignitatis

395 1477 586 1539 genus
627 1460 874 1521 omnino
920 1458 1352 1539 repudiandum
1393 1467 1484 1521 est
1512 1466 1573 1519 et
1600 1476 1777 1538 saepe
1819 1458 2048 1519 idoneis
2087 1457 2432 1519 hominibus
2457 1457 2553 1518 in-

393 1543 734 1624 digentibus
756 1545 828 1605 de
856 1563 922 1605 re
951 1543 1219 1606 familiari
1243 1544 1721 1624 impertiendum,
1752 1545 1856 1605 sed
1877 1543 2193 1624 diligenter
2214 1551 2392 1623 atque
2422 1560 2553 1602 mo·

393 1631 613 1691 derate.
672 1629 839 1691 Multi
881 1630 1039 1691 enim
1080 1630 1438 1711 patrimonia
1479 1629 1818 1690 effuderunt
1858 1628 2197 1690 inconsulte
2227 1628 2553 1707 largiendo.
2597 1634 2660 1687 15

395 1714 551 1786 Quid
580 1723 779 1776 autem
808 1723 898 1777 est
925 1716 1163 1777 stultius
1205 1734 1383 1794 quam
1415 1715 1575 1794 quod
1618 1714 1875 1775 libenter
1903 1714 2111 1789 facias,
2158 1732 2367 1775 curare
2397 1720 2465 1774 ut
2493 1711 2553 1773 id

392 1799 616 1862 diutius
654 1800 853 1861 facere
883 1820 1007 1862 non
1048 1798 1284 1881 possis?
1341 1801 1536 1879 Atque
1582 1799 1757 1861 etiam
1798 1807 2134 1878 sequuntur
2177 1798 2552 1880 largitionem

290 1925 295 1936 ψ
392 1885 654 1966 rapinae.
717 1885 865 1947 Cum
896 1885 1056 1947 enim
1085 1888 1280 1947 dando
1313 1904 1488 1966 egere
1518 1892 1868 1965 coeperunt,
1900 1884 2108 1946 alienis
2136 1885 2311 1946 bonis
2341 1901 2553 1945 manus

390 1972 607 2033 afferre
636 1978 953 2050 eoguntur.
1013 1971 1115 2046 Ita,
1148 1990 1285 2033 cum
1307 1970 1757 2032 benevolentiae
1786 1970 2215 2049 comparandae
2242 1989 2419 2032 causa
2445 1968 2551 2029 be*

394 2056 572 2118 neflci
613 2074 741 2117 esse
770 2056 971 2131 velint,
1017 2075 1141 2117 non
1188 2064 1350 2118 tanta
1396 2056 1589 2117 studia
1619 2062 2022 2134 assequuntur
2052 2073 2282 2131 eorum,
2337 2054 2553 2135 quibus
2594 2060 2656 2113 2⁰

392 2240 495 2304 ein,
526 2239 758 2293 weshalb
779 2240 861 2294 die
878 2240 933 2294 in
951 2239 1288 2293 Geschenken
1309 2239 1421 2293 sich

393 2308 535 2362 kund
572 2308 804 2374 gebende
822 2308 1257 2375 Wohlthiitigkeit
1293 2309 1424 2360 min-

392 2377 551 2430 dercn
585 2375 768 2439 Werth
803 2378 963 2430 habe:
1007 2378 1246 2429 deterior
1281 2380 1424 2428 enim

393 2446 463 2509 fit
493 2448 589 2511 qui
623 2450 837 2513 accipit.

469 2517 514 2566 1.
548 2515 810 2580 epistula.-
842 2516 970 2567 iiber
1004 2514 1144 2569 diese
1171 2513 1342 2567 Briefe
1380 2530 1422 2568 s,

1597 2242 1676 2294 13.
1711 2239 1936 2306 idoneis,
1972 2238 2019 2293 d.
2038 2238 2071 2294 i.
2109 2239 2310 2306 digni-5,
2344 2237 2477 2305 562.

1604 2311 1676 2361 14.
1698 2308 1990 2374 diligenter
2006 2308 2251 2362 bedentet
2269 2308 2427 2371 nicht,
2446 2306 2548 2359 wie

1526 2374 1608 2428 die
1644 2376 1826 2428 Lexica
1862 2377 2118 2443 erklaren,
2170 2392 2294 2428 eam
2327 2375 2549 2439 delectu,

1524 2443 1663 2496 deun
1709 2444 1801 2496 das
1846 2444 1975 2512 liegt
2022 2460 2111 2511 gar
2155 2445 2297 2497 nicht
2343 2444 2396 2495 in
2432 2443 2548 2495 dem

1529 2512 1721 2579 Worte,
1758 2513 1977 2567 sondern
2011 2515 2296 2580 ‘sparsam’-;
2331 2512 2386 2564 in
2404 2510 2548 2564 Verr.

395 2598 440 2638 z.
477 2582 512 2648 ἃ
546 2585 629 2636 48.

463 2657 703 2717 accusat,
757 2651 806 2705 d.
837 2650 870 2704 i.
908 2651 1281 2718 reprehendit,
1332 2653 1422 2703 ob·-

393 2722 612 2784 iwrgat5
646 2719 708 2770 111
742 2721 773 2784 ξ
798 2722 865 2772 90
897 2723 949 2769 ci
981 2720 1127 2770 nihil
1154 2718 1422 2785 proficiet,

394 2789 684 2851 accusabit,
717 2789 1019 2838 minabitur
1052 2791 1230 2838 etiam.

464 2856 512 2906 2.
547 2854 749 2905 malum
782 2855 854 2905 ist
888 2854 1004 2906 eine
1038 2854 1137 2906 den
1161 2854 1422 2907 Unwillen

393 2920 783 2974 ausdruckende
811 2921 1166 2987 Interjection:
1204 2923 1257 2975 in
1277 2922 1421 2978 Verr.

395 2988 416 3040 1
453 2990 545 3053 20,
582 2992 649 3041 54
685 3005 848 3055 quae,
897 2991 1130 3041 malum!
1189 2995 1268 3040 est
1315 2993 1423 3042 ista

395 3061 552 3109 tanta
585 3057 820 3109 audacia
853 3063 1014 3124 atque
1048 3061 1323 3110 amentia?

467 3130 514 3179 5.
529 3128 810 3193 praebitor
826 3124 949 3179 oder
966 3122 1214 3199 πάροχος,
1237 3127 1338 3179 wie
1355 3126 1422 3179 ad

313 3250 325 3261 ,
395 3194 555 3249 Attic.
573 3193 683 3245 XIII
700 3196 751 3259 2,
770 3197 800 3246 2
838 3197 1023 3262 gesagt
1047 3195 1203 3260 wird,
1239 3195 1310 3247 ist
1332 3195 1424 3248 der

396 3263 679 3328 metet-ant,
734 3262 825 3314 der
858 3263 942 3315 die
987 3263 1040 3316 in
1076 3262 1166 3316 der
1200 3262 1420 3316 Provinz

394 3329 665 3383 reisenden
708 3331 998 3383 romischen
1032 3330 1281 3384 Beamten
1325 3331 1422 3383 mit

394 3398 513 3451 dem
548 3397 807 3464 Nothigen
841 3403 1092 3466 versorgt.

464 3470 514 3520 6.
552 3469 681 3530 quia
713 3467 992 3518 sordidam
1013 3471 1162 3534 reg-i.-
1199 3466 1420 3519 namlich

397 3534 517 3587 dass
553 3548 608 3585 er
642 3534 751 3586 sich
787 3533 870 3586 die
906 3534 1072 3588 Gunst
1106 3535 1275 3587 seiner
1307 3533 1423 3589 Sol·

393 3603 551 3656 da'ten
602 3601 828 3657 erkaufe.
897 3602 1041 3656 Doch
1091 3602 1222 3670 liegt
1275 3602 1421 3655 datin

395 3672 533 3723 noch
575 3670 744 3723 nichts
792 3686 853 3724 so
888 3671 1181 3724 schlimmes
1228 3671 1331 3723 wie
1366 3671 1421 3722 in

395 3738 487 3791 der
531 3737 872 3793 moralisehen
919 3738 1284 3804 verdon-buna,
1336 3739 1421 3792 die

398 3805 508 3858 dies
560 3806 652 3859 aus
710 3806 793 3860 die
844 3808 1156 3876 Empffinger
1213 3808 1419 3861 ausnbt.

396 3873 621 3926 Deshalb
653 3875 845 3928 melius
879 3879 1041 3928 etiam
1074 3881 1172 3929 cet.

473 3944 549 3995 11.
589 3942 753 3995 latius
780 3949 997 4013 pateat.-
1030 3960 1071 3998 s,
1107 3961 1152 4003 z.
1186 3944 1207 3998 1
1243 3944 1276 4012 5
1298 3948 1347 3999 4.

1523 2580 1593 2632 lv
1614 2584 1693 2647 18,
1714 2583 1778 2634 39
1808 2582 2086 2633 Diodorus
2114 2582 2268 2632 homo
2297 2578 2456 2645 frugi
2483 2595 2548 2630 ac

1526 2649 1787 2715 diligens,
1819 2655 1915 2716 qui
1931 2665 2031 2700 sua
2045 2665 2262 2700 servare
2276 2648 2445 2701 vellet.
2483 2646 2549 2699 ad

1522 2717 1741 2772 Herenn.
1770 2718 1838 2769 lV
1857 2721 1939 2784 25,
1960 2721 2024 2771 35
2051 2733 2161 2769 non
2192 2722 2271 2768 est
2295 2720 2406 2768 ieta
2423 2715 2549 2766 dili-

1517 2789 1723 2851 gentia,
1739 2786 1836 2837 sed
1851 2788 2102 2851 avaritia,
2122 2785 2245 2836 ideo
2264 2784 2410 2850 quod
2423 2783 2548 2835 dili-

1518 2857 1708 2919 gentia
1762 2858 1841 2904 est
1904 2858 2163 2905 accurata
2215 2854 2546 2904 conservatio

1520 2937 1767 2987 suorum,
1794 2925 2032 2973 avaritia
2054 2925 2325 2972 iniuriosa
2347 2922 2549 2987 appeti-

1522 2993 1601 3041 tio
1626 2991 1942 3043 alienorum.
1990 2989 2107 3056 vgl.
2143 2989 2208 3042 de
2232 2988 2317 3043 off.
2353 2988 2394 3039 Π
2428 2986 2543 3053 §87

1521 3075 1609 3109 res
1662 3056 1961 3120 familiaris
2027 3058 2181 3109 debet
2242 3058 2550 3108 conservari

1523 3126 1812 3192 diligentia
1848 3132 1903 3177 et
1929 3129 2279 3194 parsimonia.

1595 3198 1674 3248 17.
1727 3196 2076 3260 largitionem
2126 3196 2370 3260 rapinae.
2441 3190 2546 3247 Cic.

1524 3261 1684 3314 denkt
1706 3277 1772 3315 an
1796 3263 1981 3328 Lente,
2018 3263 2118 3314 wie
2153 3261 2325 3326 Sulla,
2362 3260 2548 3312 Caesar

1522 3330 1563 3394 (Ι
1586 3332 1619 3396 ἕ
1638 3334 1742 3397 43),
1777 3331 2032 3384 Antonius
2066 3330 2172 3383 und
2198 3329 2355 3382 andre
2380 3328 2547 3381 seiner

1522 3398 1906 3466 Zeitgcnossen.

1590 3469 1673 3521 20.
1710 3483 1821 3519 non
1855 3470 2013 3518 tanta
2043 3467 2227 3518 smdia
2261 3480 2547 3532 assequun-

1525 3540 1620 3586 tur
1636 3539 1734 3588 cet.
1779 3534 2022 3588 Derselbe
2045 3533 2289 3588 Gedanke
2314 3533 2548 3587 ausffihr·

1522 3602 1684 3656 licher
1705 3605 1738 3669 ξ
1754 3607 1837 3657 79.
1881 3603 1981 3656 Der
2001 3602 2274 3655 Ausdruck
2293 3602 2456 3655 selbst
2475 3601 2546 3654 ist

1522 3671 1682 3724 durch
1700 3672 1783 3724 ein
1801 3672 2025 3739 Zeugma
2044 3685 2109 3722 zu
2127 3669 2390 3723 erkliren‘:
2409 3669 2547 3721 deun

1522 3740 1588 3793 da
1609 3744 1822 3806 assequi
1852 3739 2033 3792 immet
2064 3743 2228 3791 etwas
2241 3737 2546 3803 'erstrehtes',

1523 3807 1606 3860 ein
1641 3808 1748 3861 ziel
1772 3809 2018 3875 erlangen
2039 3807 2366 3872 bezeichnen,
2401 3809 2545 3873 passt

1522 3891 1580 3929 es
1615 3891 1755 3929 zwar
1787 3891 1852 3929 zu
1884 3876 2095 3941 studia,
2149 3875 2291 3928 nicht
2326 3874 2448 3926 aber
2481 3888 2545 3925 zu

1440 3965 1457 3981 2
1521 3945 1666 3997 odia.
