2813 4537
126 1238 188 1292 to

784 283 869 336 DE
905 281 1167 338 omens
1201 281 1321 340 Lm.
1339 282 1420 337 111.
1488 281 1733 338 GAR30.
1763 284 1853 338 31.

2261 277 2385 340 241

228 457 433 539 peiuS‚
480 475 628 536 quo,
670 474 809 518 oum
853 455 916 519 in
959 458 1164 519 eadem
1200 474 1379 524 eausa
1408 465 1594 533 esset,
1636 457 1996 536 deprecante
2025 462 2267 535 accepta
2295 455 2392 516 lex

230 562 362 607 non
393 549 503 605 est.
570 541 682 603 Hie
713 559 800 617 ea,
833 560 985 621 quae
1013 542 1320 605 videbatur
1348 541 1588 617 utilitas,
1618 541 1756 622 plus
1781 541 1964 603 valuit
1991 555 2171 619 quam
2198 540 2390 602 hone-

232 637 355 692 stas
369 674 387 705 ‚
429 627 588 709 apud
630 627 972 707 superiores
999 627 1265 711 utilitatis
1292 627 1522 709 speeies
1549 627 1695 689 falsa
1721 627 1795 688 ab
1826 625 2154 689 honestatis
2181 633 2389 688 aueto-

231 713 406 777 ritate
435 720 713 794 superata
743 719 851 775 est.

405 800 500 860 ‘At
523 817 645 861 non
671 798 877 861 debuit
895 805 1091 860 ratum
1112 816 1260 875 esse,
1293 798 1453 878 quod
1480 804 1608 858 erat
1635 804 1835 858 aetum
1864 813 1974 875 per
1999 794 2156 857 vim!
2210 771 2393 868 Quasi
2407 804 2492 857 110

232 902 374 946 vero
412 884 555 946 forti
582 884 710 946 viro
741 884 828 945 vis
855 883 1045 963 possit
1074 882 1357 945 adhiberi.
1420 882 1561 945 ‘Cur
1586 882 1770 964 igitur
1798 883 1870 943 ad
1900 889 2175 943 senatum
2204 883 2389 961 profi·-
2485 909 2488 914 ·

233 968 585 1045 oiseebatur‚
630 987 768 1032 oum
802 969 1154 1049 praesertim
1180 969 1258 1030 de
1286 968 1534 1049 captivis
1561 967 1935 1031 dissuasurus
1962 973 2119 1030 esset
2133 964 2183 1027 ‘3’
2214 965 2390 1038 Quod

230 1054 552 1117 maximum
605 1053 668 1115 in
719 1072 792 1115 eo
835 1061 954 1125 est,
1007 1053 1066 1115 id
1107 1053 1578 1135 reprehenditis.
1633 1054 1769 1115 Non
1814 1052 1975 1114 enim
2016 1071 2126 1115 suo
2169 1051 2389 1114 iudicio

232 1138 426 1216 stetit,
469 1139 573 1202 sed
603 1138 865 1219 suscepit
903 1157 1170 1215 oausam,
1211 1147 1281 1201 ut
1321 1146 1478 1201 esset
1506 1138 1790 1201 iudicium
1819 1145 2093 1202 senatusz
2146 1137 2245 1199 oui
2275 1137 2391 1200 nisi

232 1225 362 1306 ipse
401 1234 611 1288 auctor
650 1223 890 1300 fuisset,
934 1223 1149 1305 captivi
1188 1224 1460 1306 profecto
1505 1223 1727 1286 Poenis
1765 1224 1980 1286 redditi
2019 1229 2238 1286 essent.
2301 1222 2390 1285 Ita

231 1310 549 1374 incolumis
588 1309 651 1372 in
694 1309 884 1390 patria
912 1309 1178 1389 Regulus
1219 1308 1553 1373 restitisset.
1612 1308 1790 1380 Quod
1834 1309 1974 1388 quia
1999 1309 2225 1389 patriae
2262 1327 2388 1371 non

232 1396 378 1458 utile
397 1395 643 1477 putavit,
673 1394 896 1457 ideireo
918 1394 1033 1458 sihi
1060 1395 1382 1457 honestum
1413 1402 1474 1456 et
1500 1394 1724 1457 sentire
1753 1393 1852 1455 illa
1882 1401 1943 1456 et
1968 1394 2093 1474 pati
2123 1394 2389 1456 eredidit.

230 1514 317 1528 --
345 1481 494 1543 Nam
522 1480 684 1561 quod
713 1480 914 1557 aiunt,
958 1481 1119 1561 quod
1146 1481 1312 1543 valde
1338 1479 1487 1544 utile
1517 1480 1613 1555 sit,
1655 1479 1714 1542 id
1743 1478 1874 1541 fieri
1901 1480 2237 1554 honestum,
2277 1479 2389 1541 im-

231 1584 332 1627 mo
352 1584 494 1628 vero
517 1584 664 1641 esse,
694 1585 820 1629 non
851 1566 999 1628 fieri.
1056 1566 1166 1628 Est
1194 1566 1356 1629 enim
1387 1565 1538 1628 nihil
1564 1564 1732 1640 utile,
1755 1566 1917 1645 quod
1938 1565 2095 1627 idem
2125 1583 2251 1627 non
2280 1566 2390 1626 ho-

232 1659 499 1728 nestum,
546 1668 691 1725 neo,
736 1650 874 1731 quia
916 1651 1091 1726 utile,
1135 1652 1488 1726 honestum,
1529 1651 1635 1712 sed
1665 1651 1804 1730 quia
1830 1651 2180 1726 honestum,
2224 1650 2389 1713 utile.
2496 1659 2499 1664 ’

234 1736 364 1808 Qua
405 1755 470 1797 re
514 1755 587 1798 ex
629 1735 831 1798 multis
870 1736 1237 1799 mirabilibus
1278 1736 1565 1817 exemplis
1603 1735 1762 1797 haud
1803 1735 1974 1796 facile
2015 1735 2150 1815 quis
2179 1735 2393 1797 dixerit

232 1821 346 1884 hoc
377 1820 650 1901 exemplo
681 1828 785 1883 aut
810 1820 1160 1884 laudabilius
1189 1830 1292 1884 aut
1317 1820 1738 1903 praestantius.

404 1905 520 1968 Sed
565 1925 638 1967 ex
679 1913 805 1968 tota
844 1907 956 1969 hae
996 1906 1168 1969 laude
1195 1907 1408 1988 Reguli
1450 1924 1640 1970 unum
1661 1905 1828 1968 ‘illud
1869 1912 1960 1967 est
1999 1904 2389 1967 admiratione
2422 1908 2496 1967 81

231 1989 498 2071 dignum,
542 1992 699 2071 quod
740 1991 1004 2072 captivos
1030 1991 1380 2055 retinendos
1408 1990 1659 2054 censuit.
1710 1990 1860 2053 Nam
1889 1992 2049 2070 quod
2078 1989 2253 2052 rediit
2281 2009 2393 2051 no-
2406 1991 2491 2044 111

125 2090 191 2144 2⁰
231 2076 324 2139 bis
368 2094 532 2139 nuno
575 2076 841 2138 mirabile
875 2077 1107 2140 videtur
1121 2124 1138 2154 ‚
1184 2076 1299 2140 illis
1328 2077 1570 2159 quidem
1598 2075 1971 2157 temporibus
2000 2075 2171 2137 aliter
2197 2075 2394 2138 faeere

234 2180 358 2224 non
402 2161 616 2242 potuit.
688 2161 896 2243 Itaque
936 2163 1050 2226 ista
1092 2164 1221 2227 laus
1263 2183 1388 2227 non
1434 2171 1526 2227 est
1566 2161 1845 2238 hominis,
1888 2162 1993 2225 sed
2033 2169 2392 2243 temporum.

140 2380 145 2385 .
235 2325 436 2397 s‘piiter,
480 2328 558 2381 als
593 2329 706 2382 sein
739 2316 1053 2397 Naehfolger
1088 2331 1262 2399 einge-

236 2396 421 2449 troffen
456 2411 591 2462 war,
645 2397 898 2465 gersdezu
933 2398 1262 2466 ableugnete‚

235 2464 440 2517 worauf
448 2464 538 2518 der
547 2463 707 2518 Senat
720 2464 803 2517 die
816 2465 1158 2533 Fortsetzung
1168 2466 1261 2520 des

238 2533 451 2600 Krieges
497 2533 634 2586 ohne
674 2534 914 2587 weiteres
949 2534 1261 2588 bestimmte.

237 2601 440 2668 Appian
476 2601 539 2654 de
572 2600 681 2656 reb.
716 2601 859 2670 Hisp.
895 2605 978 2656 81.

307 2671 357 2722 2.
406 2670 533 2736 Hic,
581 2669 638 2721 in
672 2669 868 2723 diesem
902 2669 1071 2734 Falle3
1125 2671 1158 2738 ἦ
1197 2673 1263 2724 89

240 2738 328 2788 hic
363 2737 471 2788 alio
508 2738 660 2790 ducit
690 2740 1014 2792 humanitas.

310 2808 357 2859 5.
417 2804 585 2870 Quasi
638 2822 762 2859 vero
810 2805 953 2871 forti
1008 2810 1126 2860 viro
1170 2802 1268 2859 “vis

1041 2875 1267 2929 stoisehe

241 2939 390 3006 Satz,
426 2940 547 2994 dass
580 2941 673 2995 der
709 2942 882 2998 Weise
918 2944 1062 2996 nieht
1096 2944 1267 2997 konne

239 3023 564 3130 ἱὲῗιῖἓωὲὶῗ
577 3010 1271 3133 αἶῗὲἒῆεῑῖοῗὲα8ἕέιιὲῗ

234 2875 410 2939 possit
465 2874 727 2928 adhiberi.
804 2873 981 2929 Dieser

240 3145 639 3212 genugsamkeit
670 3148 762 3201 des
798 3147 1025 3204 Weisen.
1072 3147 1270 3202 Seneca

240 3212 307 3265 de
339 3213 511 3266 benef.
545 3213 609 3266 111
644 3217 711 3268 20
755 3232 988 3283 corpora
1031 3219 1269 3270 obnooeia

240 3285 372 3333 sunt
401 3285 456 3332 et
487 3282 766 3349 adscripta
812 3285 1071 3352 dominis,
1122 3301 1271 3337 mem

243 3347 458 3415 quidem
490 3352 581 3401 sui
613 3351 768 3404 iuria.
813 3380 881 3389 —
928 3351 1132 3419 Corpus
1165 3356 1271 3405 ita-

245 3432 347 3483 que
398 3422 501 3483 est,
566 3418 711 3484 quod
769 3419 987 3471 domino
1043 3419 1271 3482 fortuna

246 3484 507 3537 tradidit.-
525 3515 569 3524 -
595 3489 830 3539 interior
852 3486 953 3537 illa
969 3502 1103 3554 pars
1122 3505 1272 3542 man-

246 3555 387 3620 cipio
441 3553 569 3606 dari
619 3570 728 3608 non
775 3559 971 3622 potest.
1038 3557 1122 3608 Ab
1170 3559 1273 3612 Ιιαο

247 3620 530 3743 ⁹54⁹&-
547 3624 738 3757 ἓὲἳὲἑι.
757 3622 1277 3748 “bimam

244 3755 388 3811 kann
421 3764 527 3813 erst
561 3760 801 3827 gemacht
833 3759 1072 3827 werden,
1119 3762 1274 3815 naeh-

245 3825 364 3877 dem
387 3825 479 3879 der
499 3828 920 3896 vorhergehende
942 3829 1275 3896 abgewiesen

244 3893 332 3948 ist.
368 3894 613 3964 ‘Warum‚
633 3912 788 3952 wenn
804 3897 947 3951 nieht
964 3897 1167 3951 Gewalt
1183 3898 1274 3952 ihn

246 3966 447 4031 zwang’
483 3981 533 4018 u.
569 3981 611 4019 s.
637 3980 704 4020 w.
762 3964 830 4019 Er
864 3966 1060 4020 konnte
1094 3966 1274 4021 darum

352 4056 445 4099 Cic.
472 4056 528 4099 de
558 4057 738 4103 officiis.
790 4060 833 4102 5.
860 4059 974 4103 Aufl.

1361 2324 1494 2386 auch
1530 2331 1665 2384 oben
1701 2330 1734 2397 ὅ
1775 2333 1873 2385 103
1909 2330 2053 2385 nieht
2086 2330 2181 2382 mit
2215 2329 2395 2397 ausge-

1362 2400 1504 2453 zahlt
1537 2399 1763 2453 werden.

1434 2470 1484 2522 8.
1543 2466 1670 2519 Non
1710 2482 1809 2518 mo
1854 2466 2064 2519 iudicio
2105 2468 2285 2532 stetit,
2342 2467 2398 2518 'er

1364 2534 1547 2601 heruhi
1585 2539 1638 2588 te
1675 2533 1788 2587 sich
1810 2534 1955 2587 nicht
1979 2533 2154 2599 demit,
2189 2533 2309 2586 dass
2343 2547 2400 2584 es

1366 2604 1480 2657 sein
1561 2602 1714 2656 rtheil
1762 2617 1897 2669 war,
1950 2601 2172 2655 sondern
2218 2600 2398 2654 wollte

1365 2672 1500 2739 auoh
1534 2671 1633 2724 den
1672 2669 1832 2724 Senat
1879 2670 1962 2723 fur
2004 2671 2146 2723 aeine
2181 2668 2400 2723 Ansicht

1368 2740 1661 2807 gewinnen.
1698 2737 1853 2792 Tuse.
1875 2738 1919 2791 11
1954 2741 2037 2804 26,
2058 2741 2123 2793 63
2165 2737 2237 2789 Te
2268 2740 2318 2789 si
2338 2740 2400 2789 in

1369 2809 1540 2862 ocul&
1560 2808 1931 2860 multitudinis
1951 2810 2051 2873 sis,
2086 2811 2266 2858 tamen
2285 2809 2401 2857 eius

1367 2877 1576 2936 iudicio
1610 2881 1757 2928 staro
1789 2875 1976 2928 nolim.
2047 2874 2278 2928 Zumeist
2310 2874 2401 2927 be-

1369 2945 1552 2999 deutet
1582 2959 1681 2996 mo
1705 2944 1910 2998 iudicio
1932 2949 2081 2996 stare
2112 2943 2200 2996 bei
2233 2943 2404 2997 seiner

1368 3013 1588 3067 Ansieht
1620 3012 1890 3080 beheri-en,
1931 3012 2074 3066 nicht
2107 3012 2278 3065 davon
2314 3012 2403 3065 ab·

1371 3082 1569 3150 gehen,
1603 3081 1707 3134 wie
1743 3082 1777 3148 ξ
1794 3084 1861 3135 95
1894 3086 2040 3134 stare
2076 3082 2367 3133 conventis.

1443 3153 1522 3203 12.
1558 3152 1760 3203 smero
1791 3150 1909 3216 illa,
1942 3148 2098 3202 dahin
2117 3149 2261 3202 selue
2275 3146 2402 3201 Mei-

1370 3233 1514 3285 nung
1530 3217 1851 3285 abzugeben,
1880 3217 2034 3272 nfiml.
2053 3217 2175 3271 dass
2196 3215 2280 3269 die
2303 3215 2403 3269 Ge-

1369 3286 1628 3353 fangenen
1646 3286 1792 3340 nieht
1801 3286 2069 3354 ausgelost
2084 3285 2191 3338 und
2203 3301 2258 3338 er
2270 3285 2402 3338 nach

1370 3354 1634 3421 Karthago
1680 3353 2147 3422 zuruckgesehiekt
2194 3353 2401 3415 wurde3

1371 3422 1465 3478 auf
1495 3422 1590 3475 das
1622 3421 1840 3477 letztere
1871 3423 2080 3477 bezieht
2123 3422 2235 3485 sieh
2265 3426 2404 3490 pati.

1444 3493 1523 3544 13.
1573 3490 1717 3543 Nam
1753 3492 1898 3558 quod
1939 3495 2099 3544 aiunt
2142 3491 2284 3544 fnhrt
2319 3491 2404 3544 die

1372 3557 1744 3626 Widerlegung
1761 3559 1854 3613 des
1870 3561 2068 3614 vierten
2085 3558 2191 3614 und
2208 3560 2403 3612 letzten

1372 3626 1633 3764 ξίιιννιπῐε
1674 3627 1772 3681 ein.
1853 3626 2024 3682 Ueber
2078 3642 2207 3680 nam
2260 3643 2302 3680 s.
2354 3642 2400 3683 z.

1442 3766 1607 3816 immo
1631 3780 1789 3817 vero:
1822 3778 1917 3817 aus
1941 3767 2102 3816 aiunt
2129 3762 2201 3816 ist
2225 3762 2403 3814 dicere

1375 3832 1677 3887 debumnt
1708 3848 1775 3887 zu
1809 3832 2079 3899 erganzen.

1444 3902 1528 3953 21.
1563 3915 1675 3953 non
1692 3902 1943 3969 hominis,
1971 3900 2067 3954 sed
2089 3902 2402 3967 temporum,

1376 3968 1484 4036 vgl.
1518 3968 1560 4020 11
1594 3969 1630 4036 θ
1650 3971 1678 4022 7
1684 3971 1733 4023 6.

1934 4057 1994 4108 16
