2813 4537
98 1228 161 1284 10

810 276 895 334 DE
932 276 1191 332 OFFICIIS
1225 278 1344 333 LIB.
1378 278 1456 333 ΙΙΙ.
1510 277 1651 332 ΟΑΡ.
1682 280 1765 333 29.

2242 274 2368 339 239

212 459 412 516 autem
458 450 550 513 ius
580 450 757 513 etiam
785 450 1067 514 bellicum
1094 452 1359 530 fidesque
1387 451 1534 513 iuris
1563 451 1798 516 iurandi
1826 470 2002 533 saepe
2031 469 2168 515 cum
2196 454 2369 516 hoste

210 531 540 619 servanda.]
612 535 788 608 Quod
818 536 979 598 enim
1007 536 1088 598 ita
1116 536 1375 600 iuratum
1404 545 1525 613 est,
1569 544 1638 599 ut
1665 555 1837 600 mens
1864 537 2212 618 conciperet
2238 538 2369 600 fieri

212 630 526 703 oportere,
573 621 632 683 id
662 622 1019 685 servandum
1046 631 1167 699 est;
1212 624 1373 702 quod
1401 623 1601 697 aliter,
1637 622 1697 684 id
1725 622 1776 684 si
1806 642 1929 686 non
1962 623 2201 700 fecerit,
2233 623 2371 686 nul-

209 708 336 771 lum
378 715 470 770 est
512 707 859 788 periurium.
932 707 1013 769 Ut
1051 707 1102 770 si
1141 708 1546 787 praedonibus
1587 716 1828 788 pactum
1863 726 1975 789 pro
2003 707 2199 789 capite
2229 727 2369 790 pre-

142 802 178 855 5
207 793 360 856 tium
393 811 520 855 non
550 793 850 870 attuleris,
892 793 1056 855 nulla
1082 793 1246 856 fraus
1276 802 1396 869 est,
1443 812 1519 856 ne
1550 792 1601 856 si
1630 793 1857 856 iuratus
1886 793 2124 874 quidem
2153 794 2213 856 id
2242 813 2368 857 non

207 879 443 944 feceris.
514 878 664 940 Nam
708 878 898 958 pirata
942 898 1068 941 non
1112 886 1204 942 est
1247 898 1321 941 ex
1364 878 1759 960 perduellium
1788 897 2040 941 numero
2070 879 2368 955 definitus,

207 965 312 1027 sed
363 963 699 1026 communis
746 963 934 1026 hostis
978 964 1269 1027 omnium.
1343 963 1492 1027 Cum
1536 965 1652 1027 hoc
1696 982 1809 1027 nec
1848 965 1996 1026 fides
2040 964 2216 1028 debet
2256 983 2370 1026 nec

206 1049 302 1114 ius
330 1049 649 1113 iurandum
679 1068 811 1113 esse
840 1068 1177 1112 commune.
1235 1051 1371 1112 Non
1404 1049 1566 1112 enim
1594 1049 1809 1112 falsum
1838 1049 2034 1113 iurare
2063 1051 2372 1130 periurare
2387 1061 2473 1116 108

208 1143 318 1211 est,
348 1137 453 1198 sed
477 1136 637 1214 quod
658 1154 736 1196 Ex
762 1154 927 1197 Amin
957 1154 1055 1204 'rm
1084 1154 1403 1198 smmum
1432 1134 1663 1209 iuraris,
1693 1135 1848 1197 sicut
1875 1135 2071 1198 verbis
2100 1134 2369 1216 concipi-

204 1227 308 1283 tur
321 1238 491 1283 more
508 1227 737 1296 nostro,
754 1221 814 1282 id
830 1239 956 1282 non
970 1222 1168 1282 facere
1184 1220 1517 1301 periurium
1534 1228 1642 1283 est.
1674 1221 1834 1283 Scite
1847 1220 2008 1283 enim
2023 1220 2367 1301 Euripides:

648 1304 861 1368 Iurdvi
888 1306 1110 1387 linqua,
1139 1307 1390 1369 mentem
1419 1308 1746 1368 iniuratdm
1774 1324 1929 1386 yero.

207 1390 473 1471 Regulus
521 1409 663 1453 vero
706 1410 831 1453 non
877 1391 1084 1453 debuit
1125 1392 1512 1455 condiciones
1556 1390 1983 1472 pactionesque
2024 1391 2266 1452 bellicas
2310 1398 2371 1451 et

204 1475 454 1539 hostiles
495 1477 845 1555 perturbare
888 1476 1175 1558 periurio.
1251 1477 1401 1541 Cum
1435 1476 1594 1539 iusto
1624 1476 1786 1539 enim
1815 1484 1876 1538 et
1903 1475 2165 1558 legitimo
2195 1476 2369 1538 hoste

207 1644 375 1696 deant
404 1659 473 1695 ne

591 1660 703 1697 aer.
741 1644 947 1697 latebra
979 1650 1116 1712 peri.
1154 1661 1234 1698 an.

202 1711 263 1765 ln
316 1712 434 1764 dem

533 1712 952 1779 orhergehenden
1010 1713 1080 1766 ist
1132 1728 1236 1766 von

206 1780 324 1833 dem
338 1779 656 1833 Verbrecher
670 1780 954 1846 (infidelis)
975 1781 1058 1833 die
1077 1780 1236 1847 Rede,

205 1848 351 1902 nicht
369 1864 490 1901 vom
510 1847 850 1915 Kriegsfeind.
886 1849 1014 1903 Dem
1031 1849 1236 1916 Kriegs-

206 1916 348 1971 feind
383 1916 705 1984 gegenfiber,
757 1916 858 1970 den
906 1920 1074 1970 hostis
1126 1918 1238 1970 hier

204 1984 526 2050 bezeichnet,
562 1984 663 2037 wie
686 1984 779 2038 das
813 1985 1235 2053 vorhergehende

200 2055 291 2105 ius
325 2053 571 2104 bellicum
605 2052 768 2120 ποίει,
818 2052 893 2107 ist
940 2055 1073 2107 nach
1116 2054 1233 2107 dem

203 2135 315 2174 was
367 2120 389 2173 1
437 2122 469 2187 ς
506 2123 572 2174 39
618 2125 803 2188 gesagt
847 2122 944 2189 ist,
1003 2122 1093 2177 der
1137 2121 1235 2174 Eid

203 2189 386 2242 immet
419 2205 484 2242 zu
519 2188 712 2243 hulten.

276 2278 321 2328 1.
379 2274 618 2340 fidesque
660 2303 706 2315 -
749 2290 871 2327 cum
922 2277 1071 2327 hoste
1125 2292 1235 2327 ser-

203 2343 415 2397 vanda.-
448 2342 616 2397 Plaut.
641 2342 828 2396 Pseud.
852 2343 872 2396 1
896 2347 946 2410 3,
968 2346 1065 2396 142
1097 2347 1148 2395 ei
1171 2348 1233 2395 tu

203 2416 493 2478 argentum
528 2411 795 2476 attuleris,
831 2427 952 2463 cum
981 2411 1078 2463 illo
1106 2427 1234 2478 per-

204 2480 394 2533 didero
418 2481 594 2543 fidem.
640 2478 755 2533 Ter.
782 2477 986 2532 Phorm.
1010 2478 1073 2532 111
1098 2483 1145 2546 2,
1165 2482 1229 2532 27

202 2564 407 2615 nequeo
444 2564 677 2600 exorare
709 2553 774 2600 ut
816 2563 899 2599 me
931 2552 1150 2600 maneat
1182 2553 1237 2599 et

205 2632 326 2670 eum
358 2616 454 2669 illo
489 2622 554 2668 ut
585 2621 760 2669 mutet
787 2616 964 2680 fidem.

276 2720 323 2771 3.
379 2719 524 2783 quod
572 2718 752 2784 aliter,
803 2719 865 2770 id
910 2722 959 2770 ei
999 2735 1110 2771 non
1152 2718 1233 2781 fe-

205 2788 360 2852 eerit,
394 2785 603 2837 nullum
639 2790 718 2837 est
746 2789 1067 2853 periurium.
1129 2785 1231 2840 Das

202 2855 274 2908 ist
310 2853 536 2907 stoische
571 2854 760 2916 Lehre;
811 2854 957 2908 Stob.
995 2856 1091 2911 ecl.
1126 2857 1231 2909 eth.

202 2940 254 2995 p.
275 2924 377 2977 230
412 2919 479 2974 τὸ
512 2925 704 2990 μέντοι
728 2918 919 2991 ψεύδει
942 2925 1081 2978 ποτὲ
1103 2942 1230 3010 avy-

198 2986 520 3061 χρήσασθαι
564 2991 846 3058 νομίζουσι
899 2987 1004 3044 τὸν
1056 3009 1233 3062 σοφον

199 3053 344 3111 κατὰ
367 3053 595 3111 πολλοῦς
616 3057 849 3130 τρόπους
882 3056 1037 3114 ἄνευ
1072 3076 1228 3133 συγ·

199 3124 641 3179 καταθέσεωε
675 3126 743 3194 (d.
763 3127 797 3182 i.
833 3130 930 3179 ubi
949 3145 1098 3182 mene
1120 3146 1231 3182 non

201 3197 443 3275 concipit
463 3195 524 3245 id
539 3195 666 3257 fieri
689 3201 976 3264 oportere).
1010 3201 1111 3282 aaz,
1123 3194 1230 3269 γὰρ

198 3279 342 3315 κατα
377 3265 717 3343 στρατηγίαξι
752 3260 887 3333 πρὸς
927 3265 1049 3318 τῶν
1082 3284 1245 3323 αντι·,

198 3325 400 3385 πάλων
433 3331 526 3380 καὶ
557 3347 700 3410 ματα
746 3327 850 3395 τὴν
892 3332 990 3383 τοῦ
1028 3335 1231 3414 συμφᾷ-

241 3413 409 3519 tossfgr
436 3411 744 3517 πιῖἷιῗιῗῗεῗν
755 3403 876 3519 affl
891 3534 902 3547 ·
920 3399 1094 3520 effi}
1140 3401 1232 3521 ((11ξῖ

196 3537 492 3657 {aeg-seatio
503 3533 753 3585 mentales
770 3539 1088 3602 wenigstens
1106 3536 1231 3589 a'ihn-

270 3689 318 3740 6.
372 3703 442 3738 ece
468 3685 836 3752 perduellium
883 3702 1108 3740 numero
1143 3688 1231 3740 de-

197 3754 408 3819 finitus.
478 3753 593 3808 Wie
642 3753 743 3808 Cic.
780 3753 957 3822 hiuflg
1006 3760 1127 3824 sagi
1160 3772 1234 3808 ese

194 3839 424 3875 numero
447 3838 557 3873 me
578 3822 661 3875 fiir
683 3825 743 3875 in
765 3839 1010 3891 numere,
1036 3841 1097 3878 so
1121 3824 1232 3878 hier

198 3891 455 3954 definitus
489 3907 560 3943 eoe
592 3907 756 3958 num„
792 3891 840 3945 d.
866 3891 900 3947 i.
934 3896 1015 3945 ita
1040 3893 1232 3956 defini-

200 3964 303 4027 tus,
334 3965 399 4013 ut
419 3962 495 4011 sit
521 3976 592 4011 ece
617 3976 764 4015 num.
799 3960 863 4015 de
885 3977 957 4016 or.
983 3961 1108 4029 123,
1132 3964 1228 4015 108

1338 1660 1467 1696 nam
1489 1647 1540 1695 si
1561 1661 1655 1696 ars
1688 1649 1768 1697 ita
1803 1644 2082 1711 definitur,
2117 1661 2187 1697 ex
2209 1646 2369 1697 rebus

1330 1716 1557 1779 penitus
1576 1716 1868 1780 perspectis
1889 1713 2162 1779 planeque
2186 1715 2370 1779 cogni-

1340 1782 1412 1831 tis
1428 1810 1487 1847 -,
1513 1796 1624 1832 non
1642 1783 1779 1831 milti
1793 1781 2010 1831 videtur
2025 1797 2117 1832 are
2135 1783 2370 1832 oratoris

1339 1865 1448 1900 eese
1481 1849 1611 1901 ulla.
1664 1877 1733 1908 -,-
1785 1847 1954 1901 Ueber
2024 1848 2279 1900 erduelbis
2326 1864 2367 1902 s,

1336 1915 1359 1968 1
1396 1916 1429 1984 5
1460 1921 1544 1971 37.
1603 1916 1726 1969 Wer
1744 1916 1845 1969 wie
1863 1916 1947 1969 die
2007 1915 2292 1981 toikerssc.
2314 1919 2367 1981 7)

1339 1983 1422 2037 die
1467 1984 1658 2037 Pflicht
1702 1983 1793 2037 der
1839 1984 2076 2037 Gerechti
2114 1984 2226 2037 keit
2272 2001 2368 2038 nur

1336 2067 1443 2105 von
1477 2053 1595 2105 dem
1618 2051 1951 2107 Bedfirfnisse
1975 2053 2066 2106 der
2141 2052 2367 2108 enschen

1338 2121 1470 2174 nach
1481 2121 1855 2174 mensehlicher
1862 2121 2224 2175 Gemeinschaf
2225 2125 2245 2174 t
2253 2122 2369 2174 her-

1336 2189 1511 2256 leitet,
1548 2189 1631 2242 fiir
1654 2189 1752 2243 den
1777 2190 1982 2243 existirt
2014 2189 2155 2243 diese
2178 2189 2370 2243 Pssicht

1337 2258 1470 2312 auch
1492 2258 1638 2313 nicht
1653 2258 1707 2312 in
1725 2257 1902 2326 Bezug
1922 2259 2013 2313 aus
2025 2258 2126 2312 den
2146 2258 2366 2324 Rfiuber,

1338 2327 1566 2380 welcher
1587 2326 1678 2380 der
1704 2332 2022 2394 gesammten
2044 2326 2367 2380 Menschheit

1336 2394 1435 2448 den
1482 2394 1639 2462 Ksieg
1691 2394 1884 2448 erklfirt
1935 2394 2041 2448 und
2093 2395 2176 2448 fiir
2221 2395 2365 2447 seine

1333 2462 1529 2516 Person
1564 2463 1659 2516 das
1688 2461 1836 2515 Band
1869 2464 1959 2516 der
1982 2462 2367 2516 Gemeinschaft

1335 2532 1591 2584 zetreisst.
1658 2529 1889 2583 Insofern
1925 2531 2239 2597 wenigstens
2276 2532 2367 2583 hat

1336 2599 1440 2653 Cic.
1473 2599 1586 2652 also
1621 2597 1801 2652 Recht.

1405 2669 1455 2721 9.
1479 2684 1549 2720 eoe
1560 2670 1734 2720 animi
1754 2670 2022 2719 sententia
2034 2665 2103 2719 ist
2116 2666 2365 2719 stehende

1335 2736 1538 2789 Formel
1583 2736 1669 2789 bei
1716 2734 1851 2788 allen
1889 2735 2361 2802 Eidesleistungem

1333 2802 1491 2857 Acad.
1537 2803 1578 2856 11
1625 2807 1710 2869 47,
1752 2806 1847 2857 146
1892 2819 2052 2869 quam
2094 2806 2363 2856 rationem

1333 2875 1602 2925 maiorum
1655 2875 1820 2924 etiam
1873 2874 2185 2939 comprobat
2241 2871 2363 2923 dili-

1476 2944 1488 2957 .
1658 2945 1670 2958 .
1769 2943 1781 2956 .
1958 2943 1969 2955 .
2168 2941 2185 2968 ι
2354 2943 2365 2956 .

1327 2946 2139 3076 {2335’23353332'12-22‘222'322
2185 2955 2364 3060 zm

1331 3083 1481 3207 ῗαῖἷε,
1516 3077 1711 3196 {finde
1745 3080 1823 3130 ita
1861 3080 2049 3143 teneri,
2095 3078 2159 3128 ‘si
2190 3081 2363 3128 sciens

1360 3162 1394 3197 a
1438 3162 1526 3198 ere
1571 3184 1584 3197 .

1409 3217 1484 3268 10.
1545 3213 1870 3297 Eur-lpidus:
1926 3211 2134 3279 Hippoi.
2169 3214 2272 3266 612
2328 3203 2362 3277 ἦ

1330 3275 1543 3353 γλῶσσ’
1570 3273 1840 3349 dampni,
1876 3273 1910 3347 ἦ
1944 3275 2005 3332 δὲ
2039 3276 2184 3353 φρὴν
2216 3272 2363 3332 ἆνώ·

1330 3364 1510 3417 ματος.
1578 3348 1675 3401 Mit
1723 3349 1901 3402 diesen
1941 3346 2151 3402 Worten
2195 3348 2364 3401 recht-

1332 3417 1511 3484 fertigt
1545 3417 1655 3470 sich
1690 3416 2029 3497 Hippolytus,
2076 3416 2154 3470 als
2189 3433 2245 3470 er
2279 3417 2362 3470 die

1330 3486 1559 3551 Antrfige
1607 3485 1775 3538 seiner
1822 3484 2148 3539 Stiefmutter
2193 3485 2363 3538 veros-

1334 3553 1615 3607 fentlichen
1635 3553 1761 3619 will,
1782 3552 2024 3611 wfihrend
2044 3568 2099 3605 er
2118 3552 2251 3606 doeh
2270 3553 2363 3606 der

1331 3620 1515 3674 Amme
1583 3620 1892 3688 Schweigen
1959 3637 2021 3674 zu
2061 3621 2360 3674 eschworen

1332 3689 1438 3742 hat.
1486 3688 1687 3755 Wegen
1722 3689 1996 3743 desselben
2067 3704 2231 3755 erses,
2266 3689 2362 3742 mit

1332 3756 1449 3809 dem
1484 3757 1596 3810 sich
1630 3757 1766 3811 doch
1793 3758 1943 3823 jeder
1964 3756 2223 3811 Eidbruch
2251 3760 2362 3811 ent·

1332 3823 1635 3892 schuldigen
1693 3825 1850 3890 lesst,
1911 3825 2041 3881 wis-d
2090 3825 2361 3894 Euripides

1331 3892 1639 3947 wiederholt
1683 3909 1788 3947 von
1823 3893 2195 3961 Aristophanes
2248 3909 2362 3947 ver-

1332 3963 1546 4030 spottet.
