2813 4537
902 259 986 315 DE
1024 258 1284 314 OFFICIIS
1320 258 1441 313 ΠΒ.
1464 258 1541 313 111.
1616 259 1760 315 CAP.
1779 264 1829 316 5.
2324 255 2446 319 189

291 431 629 495 convictum
672 435 998 496 humanum
1043 441 1102 495 et
1131 432 1494 496 societatem.
1550 431 1630 499 iSi
1659 431 1820 494 enim
1848 432 1934 495 sic
1964 432 2186 495 erimus
2215 434 2447 509 adfecti,

286 525 355 579 ut
383 525 632 598 propter
661 538 838 581 suum
858 520 1109 599 quisque
1132 518 1603 581 emolumentum
1623 518 1838 597 spoliet
1859 526 1959 578 aut
1979 518 2155 579 violet
2177 519 2447 594 alterum,

288 604 578 683 disrumpi
610 622 852 666 necesse
881 613 975 667 est
1001 623 1160 679 eam,
1205 622 1357 683 quae
1397 603 1650 665 maxime
1680 611 1769 665 est
1796 604 2127 668 secundum
2156 612 2443 682 naturam,
2543 669 2552 674 ,

285 688 534 749 humani
578 690 817 769 generis
857 691 1219 754 societatem.
1317 688 1397 750 Ut
1412 736 1428 764 ,
1474 689 1525 751 si
1558 707 1748 754 unum
1794 689 2073 772 quodque
2113 690 2447 754 membrum
2491 699 2550 751 22
2637 720 2647 733 ·

210 782 245 836 5
289 791 534 835 sensum
576 775 738 836 hunc
783 775 1053 850 haberet,
1099 783 1171 835 ut
1208 793 1382 854 posse
1440 782 1680 854 putaret
1721 792 1785 836 se
1827 774 2018 835 valere
2036 819 2051 848 ‚
2097 775 2149 835 si
2192 777 2453 855 proximi,

287 858 541 920 membri
569 859 964 924 valetudinem
993 861 1066 921 ad
1095 878 1159 922 se
1181 860 1553 934 traduxisset,
1578 859 1869 921 debilitari
1892 866 1951 920 et
1979 859 2221 922 interire
2251 867 2446 926 totum

286 962 508 1023 corpus
538 963 781 1008 necesse
810 953 994 1021 esset,
1025 945 1144 1020 sic,
1191 945 1242 1006 si
1285 964 1446 1010 unus
1477 945 1729 1025 quisque
1761 951 2034 1007 nostrum
2063 945 2135 1006 ad
2165 963 2228 1006 se
2257 948 2446 1027 rapiat

286 1030 597 1091 commoda
639 1030 891 1092 aliorum
934 1031 1318 1109 detrahatque
1363 1031 1524 1109 quod
1568 1030 1785 1109 cuique
1828 1029 2016 1109 possit
2062 1031 2447 1096 emolumenti

288 1114 382 1175 sui
411 1114 599 1194 gratia
614 1161 631 1189 ,
677 1115 929 1177 societas
971 1115 1281 1180 hominum
1325 1123 1385 1176 et
1428 1115 1822 1176 communitas
1866 1122 2160 1178 evertatur
2199 1135 2444 1182 necesse
2539 1179 2551 1185 -

184 1206 246 1262 1⁰
288 1206 396 1261 est.
468 1200 619 1260 Nam
661 1200 773 1263 sibi
818 1209 886 1262 ut
929 1201 1182 1280 quisque
1224 1200 1389 1264 malit
1433 1201 1595 1279 quod
1637 1201 1708 1261 ad
1753 1218 1929 1262 usum
1968 1200 2124 1263 vitae
2149 1202 2445 1282 pertineat

291 1302 469 1363 quam
491 1285 659 1346 alteri
680 1287 1009 1366 adquirere,
1024 1304 1379 1348 concessum
1394 1293 1485 1347 est
1507 1304 1630 1346 non
1647 1294 2019 1364 repugnante
2035 1296 2278 1363 natura3
2301 1288 2446 1352 illud

288 1376 502 1431 natura
532 1390 656 1432 non
685 1372 939 1451 patitur,
970 1380 1038 1436 ut
1065 1372 1316 1434 aliorum
1345 1370 1550 1452 spoliis
1594 1378 1832 1433 nostras
1857 1370 2161 1433 facultates
2177 1419 2193 1450 ,
2224 1374 2443 1453 copiaS,

290 1473 435 1534 opes
463 1475 800 1535 augeamus.
873 1458 1079 1537 Neque
1123 1476 1267 1522 vere,
1292 1458 1409 1519 hoc
1438 1457 1632 1522 solum
1662 1463 1904 1532 natura,
1932 1457 1991 1518 id
2022 1464 2113 1522 est
2140 1457 2270 1521 iure
2298 1477 2448 1538 gen-
2491 1470 2550 1521 23

286 1540 455 1615 tium,
486 1542 587 1603 sed
611 1541 786 1603 etiam
815 1542 1044 1622 legibus
1071 1544 1463 1623 populorum,
1496 1542 1712 1622 quibus
1741 1542 1804 1603 in
1835 1542 2086 1622 singulis
2114 1544 2454 1608 civitatibus

182 1635 243 1690 15
283 1643 382 1686 res
424 1626 661 1705 publica
704 1627 1095 1702 continetur‚.
1122 1629 1335 1690 eodem
1377 1628 1557 1688 mode
1602 1627 1992 1692 constitutum
2036 1637 2153 1706 est,
2210 1637 2279 1691 ut
2321 1650 2445 1692 non

284 1709 462 1771 liceat
490 1712 584 1772 sui
611 1711 908 1774 commodi
937 1731 1114 1774 causa
1142 1731 1363 1776 nocere
1392 1712 1581 1773 alteri.
1634 1711 1764 1772 Hoc
1786 1711 1947 1774 enim
1967 1721 2240 1792 spectant
2268 1714 2444 1794 leges„

289 1795 406 1856 hoc
449 1796 687 1870 volunt,
734 1796 1097 1860 incolumem
1139 1816 1269 1859 esse
1314 1797 1529 1860 civium
1559 1795 2076 1871 coniunctionem,
2124 1817 2301 1877 quam
2347 1800 2450 1879 qui

290 1879 597 1956 dirimunt,
626 1900 730 1943 eos
758 1889 950 1943 morte
982 1882 1174 1957 exili0,
1205 1881 1415 1944 vinclis
1443 1883 1659 1945 damno
1690 1889 1989 1944 coercent.

460 1966 654 2045 Atque
696 1967 812 2029 hoc
856 1968 1044 2030 multo
1089 1968 1276 2047 magis
1318 1967 1501 2030 efficit
1527 1967 1656 2046 ipsa
1685 1973 1932 2030 naturae
1960 1967 2111 2028 ratio
2128 2014 2144 2043 ,
2178 1987 2328 2048 quae
2358 1976 2448 2031 est

185 2061 247 2114 2⁰
292 2048 386 2111 lex
416 2051 611 2113 divina
640 2059 701 2116 et
730 2053 1020 2114 humana:
1067 2054 1163 2115 cui
1191 2071 1402 2134 parere
1435 2052 1537 2132 qui
1566 2052 1705 2113 velit
1731 2084 1817 2097 —-
1848 2070 2056 2115 omnes
2098 2061 2295 2115 autem
2340 2074 2447 2136 pa-

295 2237 432 2289 mass
462 2234 545 2289 die
570 2235 787 2305 Tugend
823 2254 889 2291 zu
923 2238 1060 2291 siben
1096 2237 1200 2291 und
1235 2253 1323 2291 um

296 2304 478 2357 andi-er
497 2304 673 2357 willen
691 2305 945 2358 Gefahren
971 2322 1034 2359 zu
1053 2307 1320 2375 bestehen,

297 2372 376 2425 als
412 2388 498 2424 um
530 2374 736 2425 {iussere
760 2373 1025 2426 Vortheile
1060 2391 1124 2427 zu
1160 2376 1325 2428 erlan-

296 2455 399 2507 gen
423 2439 649 2493 Unrecht
683 2457 749 2494 zu
785 2441 912 2494 thun
949 2471 990 2479 -
1029 2444 1061 2508 ξ
1088 2445 1171 2495 27.
1221 2443 1325 2496 Das

296 2508 452 2562 dritte
463 2508 770 2576 Argument:
797 2509 899 2562 alle
914 2509 1193 2562 Menschen
1214 2527 1326 2563 um-

296 2577 429 2630 fasst
456 2577 547 2629 das
575 2577 690 2629 eine
705 2577 891 2630 Gesetz
917 2576 1008 2630 der
1032 2577 1194 2631 Natur
1220 2579 1326 2632 und

298 2645 408 2697 dies
451 2645 706 2698 verbietet
751 2645 906 2698 andre
950 2661 1015 2697 zu
1061 2646 1322 2699 verletzen

298 2713 330 2781 ξ
367 2716 451 2767 29.
521 2712 650 2765 Dass
685 2714 929 2780 fibrigens
965 2712 1107 2765 diese
1140 2713 1323 2781 Dispo-

297 2781 455 2833 sition
489 2781 808 2847 mangelhaft
841 2782 927 2846 ist,
962 2781 1192 2835 leuchtet
1221 2783 1321 2838 ein.

297 2847 443 2900 Denn
466 2848 547 2900 die
575 2849 921 2902 menschliche
939 2849 1324 2904 Gemeinschaft

296 2916 484 2969 heruht
518 2917 651 2969 eben
686 2917 777 2970 auf
808 2917 898 2971 der
924 2916 1325 2985 Allgemeinheit

297 2983 390 3037 des
421 2983 586 3037 Natur
622 2990 822 3040 esetzes
856 2986 963 3039 und
997 2987 1129 3041 wird
1162 2987 1322 3041 durch

296 3052 482 3106 dessen
518 3051 592 3105 Ue
630 3058 896 3122 ertretung
930 3060 1163 3110 zerstdrt.
1219 3055 1321 3109 Das
1363 3106 1372 3118 ,

298 3126 433 3174 erste
474 3121 758 3188 Argument
812 3123 883 3176 ist
935 3124 1046 3177 also
1101 3125 1155 3176 in
1206 3124 1324 3177 dem

299 3188 487 3241 dritten
521 3190 616 3242 mit
638 3191 859 3243 umsasst
892 3191 997 3245 und
1022 3192 1123 3245 Cic.
1151 3193 1324 3259 hringt

298 3254 456 3308 daher
486 3258 517 3320 ξ
542 3260 721 3312 21-23
760 3260 1063 3312 wesentlich
1085 3260 1324 3314 dasselbe

299 3339 393 3376 vor
428 3323 530 3375 wie
566 3324 599 3389 ξ
635 3327 831 3378 27-29.

368 3394 417 3444 4.
471 3406 642 3442 unum
693 3394 939 3459 quodque
1000 3398 1325 3447 membrum.-

299 3460 401 3513 Gic.
440 3459 641 3512 scheint
683 3475 749 3513 an
786 3460 868 3512 die
902 3460 1060 3514 Fahel
1096 3461 1186 3515 des
1218 3463 1325 3516 Me-

299 3528 482 3581 nenius
517 3527 748 3595 Agrippa
782 3544 845 3580 zu
880 3528 1099 3582 denken.

374 3599 451 3650 11.
469 3612 583 3647 non
597 3602 941 3663 repugnante
957 3603 1176 3650 natura.
1200 3597 1325 3652 Was

299 3663 410 3715 hier
445 3669 594 3717 unter
624 3669 829 3717 natura
852 3681 917 3718 zu
940 3666 1214 3719 verstehen
1239 3667 1325 3733 ist,

300 3731 439 3797 zeigt
473 3731 566 3785 das
600 3733 843 3801 folgende
878 3738 1080 3789 natura
1092 3773 1109 3800 ‚
1153 3736 1216 3786 id
1248 3740 1326 3786 est

301 3802 703 3923 asma
728 3801 963 3937 {aa
980 3802 1326 3938 “angae

302 3935 497 4004 geffihl,
532 3937 624 3990 das
659 3938 741 3992 die
771 3938 1062 4006 Grundlage
1098 3940 1188 3994 des
1223 3939 1325 3992 Na-

1426 2236 1681 2291 turrechts
1715 2235 1905 2303 hildet,
1948 2237 2044 2297 'des
2079 2241 2167 2291 ius
2199 2242 2450 2295 naturale

1427 2307 1497 2357 im
1532 2306 1819 2372 Gegensatz
1854 2322 1920 2357 zu
1954 2310 2041 2357 ius
2076 2309 2245 2364 civile.

1498 2377 1579 2428 16.
1612 2377 1731 2424 sui:
1768 2390 1813 2427 z.
1848 2374 1890 2425 Il
1924 2374 1954 2441 ξ
1994 2378 2073 2428 73.

1499 2444 1578 2494 18.
1616 2442 1832 2505 damno,
1864 2441 2024 2499 durch
2059 2443 2363 2499 Geldstrafe.

1499 2511 1578 2562 19.
1620 2511 1797 2575 Atque
1850 2512 1978 2576 hoc,
2032 2512 2185 2567 naml.
2229 2530 2340 2565 non
2386 2516 2450 2565 12·-

1428 2594 1546 2629 cere
1570 2579 1837 2631 hominem
1862 2579 2094 2630 hominis
2113 2583 2449 2635 incommodo

1425 2661 1583 2699 mum
1640 2661 1840 2711 augere
1899 2649 2245 2709 commodum.
2329 2651 2449 2709 Dies

1426 2713 1612 2766 zweite
1634 2713 2074 2781 Hauptargument
2101 2716 2302 2770 zerfallt
2328 2719 2451 2771 wie-

1427 2781 1516 2834 der
1549 2782 1603 2837 in
1639 2781 1746 2834 drei
1777 2781 1973 2848 Theile,
2011 2783 2094 2835 die
2129 2785 2223 2837 mit
2257 2791 2451 2839 etenim

1425 2880 1494 2888 -
1528 2854 1759 2916 itemque
1800 2879 1870 2889 —
1905 2852 2096 2904 deinde
2160 2854 2451 2920 eingesiihrt

1426 2918 1649 2972 werden.

1493 2992 1727 3039 naturae
1760 2990 1922 3053 ratio,
1958 3004 2095 3053 quae
2131 2994 2209 3040 est
2231 2989 2320 3042 leoe
2343 2992 2450 3045 div.

1427 3061 1480 3107 et
1512 3058 1683 3107 Imm„-
1730 3054 1877 3121 Diog.
1914 3055 2077 3108 Laert.
2114 3056 2202 3107 VII
2238 3061 2302 3112 88
2344 3077 2452 3111 κοι-

1426 3120 1519 3176 νὸς
1562 3118 1726 3192 νόμος
1739 3161 1755 3187 ,
1800 3116 1969 3193 ’ἇσπερ
2017 3124 2171 3176 ἐστὶν
2204 3118 2235 3175 ὁ
2280 3119 2452 3195 ὄρθ’ὸς

1429 3185 1581 3275 λόχος
1645 3186 1737 3241 διὰ
1802 3187 2036 3244 πάντων
2090 3186 2212 3261 ἐρχό
2254 3210 2370 3246 avos·
2421 3190 2452 3246 ὃ

1427 3256 1589 3310 αυτὸς
1659 3251 1743 3310 «ἦν
1804 3258 1888 3325 τῷ
1949 3261 2041 3310 Διὶ
2109 3278 2180 3311 κα
2228 3257 2453 3333 ηγεμόνι

1427 3319 1609 3391 τούτῳ
1644 3325 1738 3392 τῆς
1771 3326 1892 3378 τῶν
1924 3322 2110 3380 ὄντων
2141 3323 2456 3395 διοικήσεως

1426 3390 1569 3446 ἕντι.
1586 3393 1680 3446 Die
1693 3393 2015 3461 allgemeine,
2027 3395 2110 3451 die
2121 3395 2259 3449 Welt
2272 3398 2454 3453 durch·

1429 3462 1709 3529 dringende
1762 3461 2043 3530 vernunst,
2103 3464 2195 3517 das
2248 3466 2453 3522 oberste

1429 3530 1615 3584 Gesetz
1679 3531 1749 3583 im
1803 3530 1981 3585 Staate
2033 3532 2123 3585 der
2174 3533 2454 3590 Menschen

1427 3599 1532 3651 und
1570 3599 1751 3652 Gdtter
1791 3599 1832 3665 (1
1867 3615 1911 3653 e.
1945 3603 2057 3668 43),
2103 3601 2186 3653 bei
2223 3603 2324 3663 Cic.
2363 3605 2454 3657 lea>

1426 3683 1658 3732 summa,
1701 3685 1831 3719 vera
1866 3675 2027 3736 atque
2058 3673 2344 3738 princepq
2373 3674 2454 3725 ul-

1429 3738 1593 3799 tima3
1633 3739 1778 3788 ratio
1812 3754 2020 3789 summa
2055 3740 2224 3790 imita
2258 3743 2317 3791 in
2357 3758 2452 3795 na-

1429 3808 1572 3871 tura,
1600 3821 1737 3870 quae
1758 3807 1908 3856 iubet
1926 3824 2008 3873 ea,
2041 3822 2178 3872 quae
2198 3806 2453 3868 facienda

1426 3877 1579 3937 sunt,
1625 3875 1981 3940 prohibetque
2026 3879 2334 3944 contraria,
2387 3878 2451 3930 de

1427 3939 1527 4006 leg.
1562 3939 1584 3991 1
1620 3943 1668 4007 6,
1704 3944 1780 3996 18.
1816 3941 2046 3996 Insofern
2082 3958 2140 3995 es
2176 3945 2314 4011 cwig
2347 3946 2453 3998 und
