2813 4537
161 1235 224 1291 10

161 1666 223 1718 15

811 286 895 339 DE
932 283 1199 338 urricus
1227 284 1345 341 ΠΒ.
1373 284 1430 341 11.
1504 284 1646 341 GAP.
1669 290 1749 339 15.
1787 288 1869 344 16.

2301 283 2423 345 ‘155

269 461 581 534 dederunt,
615 465 835 538 quanta
865 458 999 519 odia
1029 476 1256 534 eorum,
1301 457 1519 538 quibus
1548 460 1917 521 ademerunt.
1978 459 2166 530 Quam
2199 459 2277 522 ob
2307 478 2434 521 rem
2477 469 2535 521 55

273 565 388 609 nec
418 545 499 607 ita
529 544 856 606 claudenda
884 562 982 605 res
1011 553 1107 606 est
1146 543 1479 620 familiaris,
1543 552 1611 605 ut
1653 562 1782 605 eam
1821 544 2159 625 benignitas
2198 545 2429 626 aperire

264 650 394 693 non
418 630 625 710 possit,
657 648 769 690 nec
793 629 873 690 ita
894 630 1232 705 reseranda,
1263 637 1331 691 ut
1352 637 1551 709 pateat
1574 629 1886 691 omnibus:
1918 627 2132 692 modus
2153 630 2431 692 adhibea-

266 725 385 791 tur,
426 716 601 795 isque
630 716 922 776 referatur
951 716 1024 776 ad
1056 716 1383 777 facultates.
1454 714 1716 776 Omnino
1762 715 2103 778 meminisse
2147 716 2432 777 debemus

268 801 327 863 id
343 848 358 876 ,
405 802 566 880 quod
595 818 628 861 a
659 800 881 863 nostris
909 800 1252 863 hominibus
1281 800 1624 881 saepissime
1664 809 2017 881 usurpatum
2046 801 2162 862 iam
2192 801 2255 861 in
2287 819 2430 882 pro-

264 886 453 948 verbii
497 886 995 948 consuetudinem
1037 885 1201 948 venit
1236 878 1639 966 ‘largitionem
1688 887 1942 948 fundum
1994 905 2119 948 non
2172 877 2428 947 habere‘.

265 971 504 1033 Etenim
536 972 669 1050 quis
697 979 897 1052 potest
926 972 1139 1034 modus
1169 990 1298 1034 esse
1316 1018 1332 1046 ,
1377 990 1515 1033 cum
1545 979 1605 1032 et
1634 971 1790 1033 idem
1833 972 1934 1050 qui
1970 979 2343 1034 consuerunt
2369 978 2433 1032 et

266 1058 421 1119 idem
452 1058 597 1119 illud
626 1057 724 1117 alii
754 1053 1136 1119 desiderent?

439 1141 704 1205 Omnino
736 1143 854 1203 duo
884 1150 1026 1204 sunt
1055 1161 1274 1222 genera
1302 1143 1604 1223 largorum
1620 1189 1635 1216 ,
1683 1160 1940 1221 quorum
1981 1142 2149 1204 alteri
2177 1144 2430 1223 prodigi,
2464 1146 2537 1203 16

265 1228 435 1291 alteri
465 1227 770 1289 liberales:
813 1228 1067 1309 prodigi,
1101 1229 1203 1308 qui
1232 1228 1427 1309 epulis
1454 1235 1514 1289 et
1543 1227 2031 1290 viscerationibus
2060 1237 2118 1290 et
2147 1229 2431 1308 gladiato·

266 1334 401 1376 rum
429 1312 799 1388 muneribus,
831 1313 1107 1376 ludorum
1130 1314 1635 1393 venationumque
1657 1321 1944 1393 apparatu
1973 1314 2261 1394 pecunias
2289 1333 2433 1394 pro-

267 1401 531 1462 fundunt
559 1399 621 1460 in
654 1417 751 1461 eas
779 1417 904 1475 reS,
952 1418 1204 1479 quarum
1249 1399 1595 1461 memoriam
1641 1406 1743 1461 aut
1785 1398 2024 1460 brevem
2066 1406 2168 1461 aut
2209 1400 2433 1461 nullam

269 1486 518 1547 omnino
547 1484 670 1545 sint
708 1484 1008 1562 relicturi3
1053 1486 1326 1547 liberales
1354 1493 1555 1547 autem
1570 1531 1585 1560 ,
1632 1484 1734 1564 qui
1763 1483 1887 1546 suis
1928 1485 2305 1547 facultatibus
2334 1493 2436 1551 aut
2478 1494 2537 1545 56

268 1578 475 1650 captos
504 1588 537 1630 a
566 1570 969 1649 praedonibus
1009 1571 1315 1633 redimunt
1343 1578 1447 1632 aut
1488 1590 1587 1632 aes
1616 1569 1877 1631 alienum
1922 1571 2258 1651 suscipiunt
2286 1570 2432 1632 ami-

266 1673 477 1718 corum
519 1661 622 1716 aut
662 1654 723 1714 in
768 1654 1020 1716 filiarum
1065 1656 1456 1717 collocatione
1499 1655 1777 1716 adiuvant
1819 1662 1922 1715 aut
1961 1656 2332 1736 opitulantur
2368 1658 2431 1718 in

266 1761 332 1804 re
362 1742 452 1802 vel
483 1740 822 1820 quaerenda
850 1741 943 1800 vel
971 1742 1261 1822 augenda.
1321 1741 1529 1819 Itaque
1558 1740 1745 1801 miror
1775 1740 1917 1818 quid
1947 1740 2009 1801 in
2039 1749 2303 1802 mentem
2332 1761 2432 1803 ve-

269 1825 426 1888 nerit
455 1825 866 1904 Theophrasto
896 1824 959 1887 in
990 1844 1062 1887 eo
1091 1826 1276 1900 libro,
1324 1844 1503 1906 quem
1533 1824 1606 1885 de
1653 1824 1868 1886 divitiis
1904 1825 2171 1905 scripsit:
2218 1826 2278 1887 in
2313 1846 2431 1905 quo

268 1912 454 1973 multa
483 1910 801 1991 praeclare,
833 1909 976 1972 illud
1007 1911 1293 1974 absurde:
1326 1919 1417 1973 est
1447 1910 1608 1972 enim
1635 1910 1861 1971 multus
1890 1909 1954 1970 in
1985 1911 2276 1972 laudanda
2306 1930 2432 1971 ma-

269 1996 612 2077 gnificentia
635 2002 696 2056 et
717 1996 1103 2077 apparatione
1125 1997 1506 2078 popularium
1528 2014 1847 2058 munerum
1874 1995 2201 2076 taliumque
2230 2016 2434 2078 sump-

268 2090 440 2144 tuum
468 2081 807 2144 facultatem
836 2084 1098 2145 fructum
1127 2083 1463 2146 divitiarum
1495 2089 1683 2163 putat.
1743 2080 1884 2143 Mihi
1913 2088 2113 2142 autem
2143 2082 2240 2143 ille
2270 2083 2432 2143 fruc-

268 2176 365 2231 tus
394 2166 789 2242 liberalitatis,
836 2168 1008 2230 cuius
1037 2188 1227 2247 pauca
1269 2168 1539 2249 exempla
1569 2166 1775 2248 posui,
1821 2167 2008 2228 multo
2040 2176 2099 2228 et
2131 2166 2322 2232 maior
2349 2168 2434 2229 vi-

337 2337 387 2387 2.
425 2334 727 2385 claudenda
751 2363 789 2373 -
817 2337 1125 2389 reseranda.
1198 2336 1300 2389 Das

268 2405 301 2468 §
322 2405 387 2456 52
423 2403 869 2469 ausgesprochene
892 2403 1011 2456 Bild
1046 2405 1136 2457 der
1169 2422 1301 2457 area

268 2472 360 2524 hat
411 2470 500 2523 bei
546 2470 684 2523 allen
730 2470 907 2523 diesen
943 2470 1150 2524 Verben
1184 2488 1302 2526 vor-

271 2538 588 2608 geschwebt.

341 2628 388 2678 5.
439 2626 720 2692 proverbii
766 2629 1028 2691 eon-ruet„
1087 2623 1136 2681 d.
1172 2624 1207 2678 i.
1241 2628 1301 2677 in

266 2694 614 2761 proverbium
648 2694 924 2745 usitatum.

340 2781 391 2833 6.
429 2777 780 2843 largitionem
802 2775 1037 2838 fandum
1071 2795 1182 2830 non
1208 2779 1302 2830 ha-

272 2849 410 2898 bere.
461 2844 563 2897 Das
589 2844 861 2898 Schenken
899 2846 1031 2899 wird
1061 2847 1154 2899 mit
1184 2846 1302 2899 dem

273 2913 700 2967 durchlocherten
721 2912 880 2967 Fasse
916 2914 1006 2967 der
1040 2914 1299 2968 Danaiden

270 2982 584 3049 verglichen.
640 2980 709 3033 Es
733 2980 897 3035 findet
931 2983 1054 3037 kein
1078 2983 1212 3044 Ziel;
1241 2984 1301 3048 je

270 3051 415 3103 mehr
449 3049 734 3117 geschenkt
768 3050 924 3117 wird,
973 3051 1120 3105 desto
1157 3051 1302 3104 mehr

274 3119 402 3171 wird
436 3119 686 3185 verlangt.

343 3207 392 3258 7.
427 3209 776 3268 consuerunt,
811 3203 964 3259 niiml.
1003 3208 1262 3271 aeeipere.

348 3277 428 3340 102
476 3287 648 3353 epulis
661 3305 679 3336 .-
727 3286 1052 3352 dergleiehen
1087 3288 1302 3341 wurden

275 3354 393 3408 dem
428 3351 619 3406 Senate
668 3353 760 3406 auf
790 3352 906 3407 dem
942 3356 1143 3423 Capitol
1179 3356 1304 3411 oder

275 3423 327 3476 in
375 3422 543 3475 einem
578 3421 794 3489 Tempel
842 3423 947 3476 und
983 3424 1098 3476 dem
1134 3424 1303 3477 Volke

274 3492 368 3545 auf
379 3491 497 3544 dem
515 3491 701 3543 Forum
730 3490 885 3543 theils
912 3492 1115 3545 beiden
1144 3490 1306 3554 feriis

274 3560 503 3626 Latinis,
546 3558 701 3611 theils
734 3558 821 3610 bei
855 3559 1306 3628 Leichenbegfing-

276 3628 451 3680 nissen
473 3625 579 3681 und
602 3626 877 3680 fibuliehen
901 3628 1303 3696 Gelegenheiten

275 3696 630 3750 veranstaltet.
684 3693 802 3761 Vgl.
840 3696 875 3765 ἕ
895 3699 978 3751 58.
1028 3732 1033 3737 -
1100 3728 1107 3735 -

343 3767 723 3816 viscerationes
745 3778 920 3817 waren
941 3766 1306 3834 urspriinglieh

276 3830 680 3898 Vertheilungen
714 3847 818 3885 von
852 3833 1031 3886 rebem
1054 3833 1305 3900 Fl‘eische,

277 3916 341 3953 an
379 3899 561 3953 dessen
599 3898 761 3952 Stelle
797 3903 971 3969 spater
1008 3902 1140 3955 auch
1175 3902 1305 3955 Geld

277 3967 511 4043 gegeben
544 3968 736 4022 wurde.

1476 2340 1555 2389 11.
1593 2339 1967 2400 venationum,
2003 2335 2346 2389 Thierhetzen
2379 2335 2434 2388 in

1403 2404 1520 2456 dem
1556 2403 1950 2471 Amphitheater
1982 2403 2088 2455 und
2124 2404 2325 2457 Circus:
2363 2404 2433 2456 im

1403 2471 1693 2538 Gegensatz
1753 2471 1886 2523 dazu
1943 2471 2258 2524 bezeichnen
2319 2472 2434 2524 ludi

1402 2540 1585 2592 immer
1604 2539 1724 2590 ludi
1737 2541 1952 2603 scenici,
1983 2538 2307 2607 Auffiihrung
2329 2556 2433 2593 von

1402 2606 1696 2675 Tragodien
1713 2646 1727 2672 ,
1773 2606 2063 2658 Komfidien
2105 2607 2211 2659 und
2246 2607 2438 2675 Panto--¹

1404 2676 1611 2729 mimen.
2231 2676 2274 2699 ”·
2321 2704 2324 2709 .
2401 2674 2456 2719 Ἴ

1478 2747 1557 2798 17.
1601 2742 1996 2810 Theophrasto:
2031 2758 2077 2796 z.
2111 2741 2133 2794 1
2168 2742 2201 2810 ἕ
2224 2745 2272 2795 3.

1479 2815 1556 2866 19.
1594 2815 1965 2879 apparatione,
2002 2810 2268 2878 prachtige
2303 2810 2436 2863 Aus-

1402 2884 1637 2947 riistung,
1656 2880 1758 2932 wie
1776 2885 2073 2947 apparatus
2090 2878 2112 2930 1
2129 2878 2162 2945 ξ
2175 2882 2259 2945 25,
2279 2879 2435 2931 eben-

1405 2963 1465 3001 so
1502 2949 1594 3001 das
1629 2948 1959 3013 Adjeetivum
1994 2953 2295 3014 apparatus
2338 2962 2432 3015 pro

1405 3015 1580 3070 Sestio
1616 3020 1705 3082 54,
1747 3019 1845 3070 116
1899 3016 2054 3068 ludos
2088 3020 2440 3082 apparatissi-

1401 3098 1518 3137 mos
1566 3085 2244 3150 magnificentissimosque.
2280 3114 2286 3121 ·
2326 3085 2433 3137 Liv.

1404 3153 1568 3205 XXXI
1591 3157 1641 3218 4,
1661 3158 1691 3205 5
1729 3152 1847 3204 ludi
1879 3155 2117 3203 scaenici
2144 3152 2435 3218 magnifiee

1406 3219 1959 3351 apggmtwlussfm
1978 3287 2053 3340 Da
2110 3287 2437 3355 Theophrast

1408 3356 1542 3411 doch
1590 3357 1757 3409 hieria
1798 3356 1938 3409 wohl
1987 3355 2130 3408 nieht
2175 3356 2275 3408 den
2329 3356 2435 3409 ein·

1405 3423 2438 3560 asnaradefffgsssrnzfiezzi

1408 3561 1625 3615 Gewinn
1660 3562 1811 3614 einen
1845 3561 2302 3628 andern-grossern
2326 3565 2440 3612 ent·

1409 3634 1741 3698 gegensetzt,
1803 3644 1862 3682 so
1915 3630 2211 3682 vermuthet
2263 3628 2439 3681 Baiter

1408 3699 1503 3751 mit
1538 3698 1730 3765 Recht,
1782 3697 1903 3750 dass
1938 3714 2033 3752 vor
2072 3695 2316 3759 fructum
2352 3697 2437 3749 ein

1406 3766 1649 3831 Adjeetiv
1683 3767 1785 3819 wie
1818 3770 2136 3830 maximni,
2176 3768 2437 3832 optimum

1408 3835 1728 3902 ausgel'allen
1773 3835 1879 3895 σείς
1942 3834 2048 3900 vgl.
2098 3833 2131 3901 ἕ
2167 3836 2235 3887 64
2278 3849 2438 3901 posse

1411 3903 1730 3955 liberalitate
1782 3907 1871 3954 uti
1919 3930 1989 3940 —
2042 3906 2121 3953 est
2172 3905 2437 3969 pecuniae

1404 3969 1623 4031 fruetus
1654 3973 1941 4023 maximas.
