2813 4537
795 287 879 339 ns
917 286 1178 341 omens
1212 287 1393 342 L113.1.
1470 287 1610 342 cAP.
1633 291 1715 343 35.
1754 289 1835 343 se.
1947 270 1952 275 ’
2299 286 2423 350 103

267 467 442 523 erunt
471 458 655 521 Stoici
686 477 878 540 paene
909 458 1147 540 Cynici,
1194 459 1297 541 qui
1342 461 1791 542 reprehendunt
1824 470 1882 524 et
1926 461 2218 538 inrident,
2264 464 2424 545 quod

267 564 367 621 ea,
412 563 564 626 quae
607 545 799 626 turpia
833 562 954 606 non
982 545 1102 607 sint
1121 590 1138 620 ,
1177 543 1376 607 verbis
1401 545 1688 624 flagitiosa
1718 548 2037 623 ducemne,
2078 547 2177 610 illa
2206 557 2424 624 autem,

268 648 418 710 quae
444 630 641 711 turpia
669 630 822 705 sint,
854 629 1198 693 nominibus
1227 630 1596 712 appellemus
1623 631 1766 693 suis.
1826 632 2191 695 Latrocinari
2211 678 2227 708 ,
2264 635 2425 697 frau-

269 716 437 790 dare,
482 716 814 778 adulterare
841 734 908 777 re
949 723 1126 797 turpe
1163 724 1283 788 est,
1327 715 1430 777 sed
1462 716 1679 778 dicitur
1720 735 1842 779 non
1887 717 2177 794 obscene3
2219 717 2425 781 liberis

207 809 240 859 5
268 800 406 863 dare
446 819 688 881 operam
728 803 1144 864 rebonestum
1190 809 1310 876 est,
1355 801 1599 863 nomine
1635 801 1989 866 obscenum:
2038 803 2330 885 pluraque
2358 804 2422 866 in

267 904 394 947 eam
452 886 808 949 sententiam
864 885 939 948 ab
998 886 1219 949 eisdem
1272 894 1485 949 eontra
1555 887 1969 950 verecundiam
2026 888 2423 969 disputantur.

262 970 385 1033 Nos
434 979 630 1034 autem
675 979 948 1033 naturam
996 988 1315 1052 sequamur
1357 981 1417 1033 et
1457 970 1532 1032 ab
1578 971 1775 1048 omni,
1827 973 1985 1054 quod
2030 974 2308 1036 adhorret
2349 973 2422 1040 ab
2500 979 2507 990 '

264 1055 575 1118 oculorum
617 1056 970 1137 auriumque
1011 1056 1475 1138 approbatione,
1517 1057 1832 1136 fugiamus.
1893 1057 2091 1120 Status
2131 1058 2422 1136 incessus,

263 1142 451 1203 sessio
480 1141 797 1216 accubitio,
825 1141 1024 1203 vultus
1052 1141 1231 1217 oculi,
1260 1159 1548 1204 manuum
1575 1151 1774 1205 motus
1802 1150 2043 1205 teneant
2070 1143 2216 1206 illud
2244 1144 2423 1207 deco-

161 1233 219 1286 1⁰
260 1244 412 1288 rum.
470 1225 700 1297 Quibus
742 1227 804 1288 in
835 1227 1015 1289 rebus
1049 1228 1167 1289 duo
1196 1227 1449 1290 maxime
1479 1235 1623 1290 sunt
1648 1228 1924 1307 fugienda
1943 1273 1959 1303 ,
2005 1247 2082 1291 ne
2111 1229 2251 1310 quid
2283 1229 2424 1291 effe-
2440 1238 2527 1293 129

250 1312 550 1374 ‘minatum
574 1319 679 1374 aut
705 1312 885 1373 molle
914 1320 982 1374 et'
1004 1331 1081 1374 ne
1111 1312 1251 1393 quid
1283 1314 1498 1375 durum
1527 1321 1629 1376 aut
1655 1313 1946 1396 rusticum
1975 1314 2071 1375 sit.
2131 1314 2253 1377 Nec
2280 1332 2420 1377 vero

259 1395 648 1459 histrionibus
703 1396 1159 1479 oratoribusque
1208 1398 1656 1461 concedendum
1705 1407 1793 1460 est
1843 1408 1909 1461 ut
1965 1398 2039 1461 iis
2088 1401 2236 1462 haec
2284 1407 2422 1481 apta

261 1481 400 1556 sint,
431 1482 604 1544 nobis
634 1481 934 1545 dissoluta.
988 1482 1411 1546 Scaenicorum
1441 1483 1681 1564 quidem
1703 1501 1832 1545 mos
1862 1492 2085 1546 tantam
2112 1484 2291 1546 habet
2319 1504 2419 1546 ve·-

258 1574 385 1628 tere
413 1566 724 1648 disciplina
753 1568 1169 1630 verecundiam
1185 1614 1202 1644 ‚
1231 1577 1298 1631 ut
1327 1569 1390 1632 in
1421 1586 1690 1631 scaenam
1721 1569 1850 1631 sine
1879 1569 2247 1650 subligaculo
2279 1588 2420 1652 pro-

158 1658 218 1712 15
259 1652 392 1713 deat
421 1669 629 1713 nemoz
674 1660 961 1714 verentur
1003 1653 1162 1715 enim
1208 1672 1317 1728 ne,
1358 1653 1411 1716 si
1441 1672 1564 1734 quo
1591 1672 1730 1716 casu
1766 1654 2027 1717 evenerit
2055 1663 2122 1717 ut
2150 1655 2420 1737 corporis

235 1745 457 1819 'partes
485 1737 773 1818 quaedam
802 1738 1164 1818 aperiantur,
1197 1738 1563 1820 aspiciantur
1591 1757 1716 1800 non
1746 1739 1979 1800 decore.
2038 1739 2254 1801 Nostro
2287 1741 2420 1822 qui-

258 1823 393 1884 dem
421 1840 588 1884 more
616 1839 754 1884 cum
782 1822 1129 1904 parentibus
1158 1823 1418 1905 puberes
1444 1822 1584 1898 filii,
1628 1841 1765 1885 cum
1808 1823 2029 1885 soceris
2059 1825 2263 1903 generi
2294 1844 2419 1887 non

258 1907 544 1969 lavantur.
596 1905 928 1970 Retinenda
955 1906 1137 1986 igitur
1166 1916 1253 1970 est
1281 1908 1463 1971 huius
1483 1908 1719 1988 generis
1746 1908 2123 1985 verecundia,
2151 1928 2420 1991 praeser-

88 2049 98 2060 ,
256 1992 363 2054 tim
393 2002 601 2055 natura
628 1992 758 2073 ipsa
786 1992 1066 2072 magistra
1092 2002 1154 2054 et
1183 1995 1352 2056 duee.

153 2083 214 2136 2⁰
425 2077 572 2140 Cum
595 2087 791 2140 autem
812 2077 1273 2160 pulchritudinis
1295 2080 1417 2141 duo
1441 2096 1657 2159 genera
1689 2078 1829 2154 sint,
1861 2097 2114 2159 quorum
2145 2080 2207 2141 in
2230 2079 2415 2143 altero
2441 2084 2520 2143 88

256 2171 533 2226 venustas
569 2173 689 2239 est,
732 2163 795 2225 in
840 2164 1025 2227 altero
1069 2163 1359 2243 dignitas,
1400 2171 1766 2227 venustatem
1808 2163 2158 2230 muliebrem
2200 2166 2417 2229 ducere
2431 2175 2518 2229 130

257 2247 538 2313 debemus
555 2292 572 2325 ,
614 2248 958 2329 dignitatem
999 2248 1247 2312 virilem.
1306 2248 1468 2329 Ergo
1512 2259 1571 2312 et
1599 2244 1851 2314 a‘forma
1881 2259 2257 2315 removeatur
2286 2270 2414 2313 om-

255 2334 351 2395 nis
378 2334 505 2395 viro
552 2352 674 2395 non
719 2334 935 2414 dignus
965 2344 1209 2398 ornatus
1254 2345 1312 2396 et
1339 2335 1482 2397 huic
1526 2335 1718 2397 simile
1745 2336 1951 2397 vitium
1989 2337 2051 2398 in
2084 2348 2251 2416 gestu
2283 2355 2413 2399 mo-

253 2428 439 2499 tuque
468 2426 756 2480 caveatur.
814 2418 962 2482 Nam
1006 2427 1063 2482 et
1103 2419 1433 2502 palaestrici
1465 2428 1662 2482 motus
1700 2428 1843 2483 sunt
1872 2438 2048 2503 saepe
2087 2422 2415 2485 odiosiores

253 2602 397 2657 εἶναι
429 2599 534 2674 γὰρ
568 2599 672 2656 τὸν
704 2600 971 2671 κυνισμὸν
1007 2598 1284 2671 σύντομον
1385 2602 1580 2657 Schurz
1617 2603 1744 2657 oder
1774 2603 1965 2657 breiter
1983 2603 2162 2671 Binda,
2196 2606 2291 2657 mit
2322 2606 2413 2659 der

253 2666 350 2726 ἐπ’
389 2667 588 2745 ἀρετὴν
622 2666 769 2724 ὁδόν.
1385 2671 1477 2724 der
1510 2670 1775 2726 Unterleib
1811 2672 2036 2726 bedeckt
2071 2671 2262 2726 wurde.

322 2743 368 2794 2.
423 2741 631 2791 verbis.-
686 2742 930 2806 verbum,
986 2738 1078 2794 das
1114 2739 1280 2806 Wort,
1458 2743 1538 2796 16.
1592 2744 1934 2809 aspiciantur
1975 2756 2087 2793 non
2123 2741 2313 2793 decore
2345 2766 2414 2791 a·

250 2824 461 2873 nomen,
496 2807 579 2861 die
607 2807 942 2876 Benennung,
978 2808 1188 2861 werden
1211 2809 1282 2860 im
1386 2808 1692 2929 adffleebmn
1708 2825 1818 2862 non
1832 2810 2087 2862 decorum
2096 2812 2415 2876 praebeant.

251 2877 542 2944 Gegensatz
577 2892 642 2929 zu
677 2893 764 2928 res
798 2877 902 2931 fast
919 2876 1281 2945 gleichbedeu·
1509 2883 1653 2930 ostro
1690 2879 1905 2945 quidem
1928 2894 2108 2930 more.-
2145 2877 2280 2932 Plut.
2302 2879 2411 2932 Cat.

251 2944 376 2999 tend
410 2945 710 3011 gebraucht.
1380 2961 1431 3001 c.
1466 2949 1531 2999 20
1567 2946 1664 3000 τοῦ
1718 2942 1915 3000 παιδὸς
1964 2941 2240 3018 παρόντοσ
2290 2944 2411 3001 συὶ·

323 3015 403 3069 12.
440 3015 796 3066 histrionibus
813 3042 881 3053 -·
898 3014 1112 3066 conced.
1176 3012 1278 3068 Das
1382 3008 1696 3068 λούσασθαι
1747 3010 2049 3082 μηδέποτε·
2104 3018 2197 3067 καὶ
2247 3015 2412 3068 τοῦτο

251 3081 437 3148 Object
447 3081 539 3135 des
548 3081 903 3135 Nebensatzes
923 3084 1281 3134 histrionibus
1378 3079 1570 3137 κοινὸν
1604 3087 1745 3136 ἔοικε
1764 3077 2051 3153 Ῥωμαίων
2082 3081 2216 3135 ἔθος
2250 3082 2411 3139 εἶναι.

248 3150 318 3203 ist
353 3150 408 3202 in
445 3148 544 3202 den
578 3148 865 3217 Hauptsatz
936 3165 1157 3218 ezogen,
1193 3151 1279 3204 ein
1453 3154 1536 3206 20.
1569 3152 2013 3219 pulchritudinis.
2050 3150 2309 3204 Stobaeus
2333 3166 2413 3204 er-

249 3218 593 3286 griechischer
647 3216 913 3286 Sprachge
948 3220 1106 3273 rauch
1121 3259 1136 3286 ,
1189 3219 1280 3273 der
1380 3219 1518 3272 klirt
1538 3215 1827 3288 κοσμιότης
1862 3220 1939 3273 als
1976 3215 2247 3306 ἐπιστήμη
2282 3235 2413 3291 πρε-

246 3287 333 3339 bei
369 3286 473 3339 Cic.
520 3285 664 3337 nicht
711 3285 1025 3354 allzuhaufig
1058 3288 1156 3353 ist,
1215 3287 1278 3339 111
1380 3287 1609 3340 πουσῶν
1658 3291 1751 3340 καὶ
1807 3283 2081 3362 ἀπρεπῶν
2124 3301 2412 3355 umescunt.

246 3357 280 3421 ς
324 3355 437 3407 104.
473 3352 539 3405 de
577 3352 681 3420 leg.
718 3368 823 3421 agr.
858 3354 900 3405 11
935 3357 1018 3421 21,
1039 3359 1101 3409 57
1141 3372 1280 3422 quae
1379 3355 1484 3409 Gic.
1522 3355 1654 3409 fasst
1689 3355 1788 3409 den
1822 3355 2023 3426 Begriff
2056 3359 2253 3416 weiter.

247 3427 326 3475 est
357 3425 465 3474 ieta
502 3423 753 3486 aequitas
787 3427 1006 3489 eeteros,
1041 3426 1204 3475 etiam
1225 3428 1276 3475 si
1449 3426 1535 3478 24.
1605 3424 1885 3479 alaestriei
1899 3432 2090 3492 motus,
2121 3427 2412 3497 Bewegun-

240 3493 449 3558 privati
479 3493 608 3555 sint,
679 3493 954 3542 erntittere
985 3496 1053 3542 ut
1107 3492 1277 3545 ublici
1375 3507 1476 3615 gen
1493 3532 1506 3559 ,
1593 3508 1723 3547 enen
1758 3509 1878 3548 man
1925 3495 2017 3551 das
2051 3496 2407 3566 Erzwungene

243 3559 588 3611 iudicentur?
664 3558 761 3611 ael.
790 3558 856 3611 ad
873 3558 993 3614 fam.
1145 3563 1222 3626 10,
1241 3564 1272 3615 3
1412 3576 1466 3615 er
1491 3560 1682 3616 Schule
1706 3562 1957 3631 numer-kt,
1998 3564 2132 3618 deun
2156 3581 2277 3619 vom
2349 3583 2408 3620 a—

241 3630 391 3679 noeti
412 3626 748 3693 Marcellum,
783 3641 944 3693 quam
970 3629 1163 3680 tardus
1184 3630 1271 3682 sit.
1377 3630 1623 3684 hermia
1673 3631 1873 3685 lernte‘n
1919 3632 2005 3686 die
2040 3633 2228 3687 Romer
2320 3650 2405 3691 aas

243 3694 366 3747 Hier
398 3694 468 3747 ist
490 3693 573 3747 die
595 3693 930 3763 Verbindung
966 3711 1050 3749 um
1076 3711 1136 3750 so
1161 3697 1273 3749 auf·
1373 3698 1481 3751 und
1516 3699 1742 3768 Haltung
1784 3701 1839 3753 in
1883 3700 1984 3755 den
2018 3701 2403 3772 Bewegungen.

245 3761 511 3829 fallender,
545 3763 669 3815 weil
702 3763 795 3817 der
831 3762 954 3816 Satz
991 3766 1271 3817 him-ioni-
1374 3765 1756 3835 Quint.111,1c
1775 3785 1809 3819 a
1828 3772 2019 3835 quibus
2030 3771 2405 3841 (palaestritis)

244 3832 343 3883 bue
356 3832 466 3882 sint
484 3835 612 3898 apta
634 3831 837 3900 logisch
856 3831 971 3885 dem
992 3833 1269 3901 folgenden
1366 3840 1553 3902 gestus
1607 3844 1885 3904 motusque
1940 3837 2284 3905 formantur,
2339 3847 2407 3893 ut

241 3898 642 3966 untergeordnet
677 3902 787 3954 sein
823 3901 993 3955 sollte.
1369 3908 1521 3955 recta
1571 3907 1684 3956 sint
1731 3908 1979 3973 brachia,
2030 3923 2099 3959 ne
2151 3908 2405 3960 indoctae

316 3970 397 4022 14.
446 3967 844 4034 subligaculum
879 3985 988 4024 war
1020 3970 1136 4025 eine
1173 3971 1268 4025 Art
1368 3975 1669 4026 rusticaeve
1700 3988 1910 4043 manus,
1944 3991 2013 4027 m
2045 3981 2218 4028 status
2250 3977 2403 4028 inde-
