2813 4537
416 283 540 346 230
948 286 1033 340 DE
1069 285 1329 340 OFFIGIIS
1364 285 1482 341 ΗΒ.
1509 285 1587 340 111.
1655 284 1799 339 GAP.
1825 288 1906 340 24.
1932 288 2016 340 25.

322 476 338 526 .’
413 467 695 524 mentum„
725 458 984 539 cuipiam
1025 458 1254 520 dederit
1294 458 1366 521 ad
1409 476 1625 538 aquam
1658 459 2019 521 intercutem
2048 456 2479 539 pepigeritque,
2520 455 2577 518 si

416 565 487 609 eo
509 546 942 608 medicamento
964 562 1147 606 sanus
1167 544 1360 606 factus
1382 551 1558 619 esset,
1589 563 1666 605 ne
1691 544 1792 605 illo
1823 543 2255 605 medicamento
2285 559 2573 622 umquam

413 639 620 713 postea
653 638 939 705 uteretur,
986 629 1038 692 si
1067 649 1140 691 eo
1169 629 1603 691 medicamento
1633 648 1815 692 sanus
1844 630 2036 691 faetus
2063 629 2143 691 sit
2170 636 2231 689 et
2260 627 2434 689 annis
2463 628 2577 689 ali—

414 725 562 797 quot
581 723 719 797 post
737 715 1011 777 inciderit
1038 715 1102 777 in
1134 715 1390 776 eundem
1419 715 1697 776 morbum
1726 733 1841 777 nee
1869 714 1942 776 ab
1974 733 2066 789 eo,
2126 712 2370 793 quicum
2399 713 2578 793 pepi-

414 810 597 882 gerat,
632 802 912 882 impetret
939 808 1007 861 ut
1038 800 1254 862 iterum
1282 818 1354 861 eo
1384 799 1560 862 liceat
1588 801 1696 875 uti,
1728 800 1871 880 quid
1900 799 2239 862 faciendum
2267 799 2361 861 sit.
2422 797 2577 860 Cum
2605 810 2638 862 5

411 887 489 950 sit
534 888 584 950 is
612 886 974 949 inhumanus
991 932 1007 961 ,
1050 885 1153 966 qui
1184 904 1306 947 non
1338 886 1658 962 concedat,
1704 904 1818 947 nee
1845 886 1903 947 ei
1933 885 2253 965 quiequam
2282 884 2385 945 fiat
2412 883 2576 946 iniu-

310 981 370 1033 93
412 973 564 1048 riae,
596 972 746 1034 vitae
778 979 838 1033 et
867 970 1043 1034 saluti
1072 970 1528 1033 consulendum.
1558 1005 1643 1015 --
1673 968 1873 1043 Quid?
1916 971 1968 1033 si
1998 971 2102 1050 qui
2129 969 2368 1050 sapiens
2395 987 2575 1049 roga-

412 1066 508 1120 tus
549 1058 625 1119 sit
666 1057 739 1119 ab
785 1075 885 1132 eo,
933 1056 1036 1137 qui
1078 1074 1215 1117 eum
1243 1056 1523 1118 heredem
1551 1056 1757 1132 faeiat,
1808 1074 1946 1118 eum
1975 1056 2030 1116 ei
2060 1062 2415 1118 testamento
2445 1074 2574 1117 ses-

411 1144 654 1205 tertium
703 1142 895 1204 milies
946 1140 1348 1221 relinquatur,
1408 1150 1475 1204 ut
1525 1149 1666 1204 ante
1716 1160 1894 1221 quam
1943 1141 2329 1204 hereditatem
2363 1141 2571 1216 adeat,

317 1281 335 1289 „
411 1229 544 1289 luce
586 1228 781 1307 palam
823 1226 887 1288 in
933 1227 1065 1287 foro
1101 1227 1301 1302 saltet,
1347 1227 1526 1306 idque
1571 1245 1636 1289 se
1665 1228 1962 1289 facturum
1991 1226 2363 1307 promiserit,
2407 1226 2578 1305 quod
2620 1236 2681 1290 1⁰
2787 1285 2788 1320 ³

375 1346 381 1352 -
411 1313 581 1374 aliter
608 1313 888 1374 heredem
918 1330 1056 1374 eum
1084 1312 1418 1392 scripturus
1445 1312 1542 1374 ille
1574 1331 1698 1375 non
1730 1320 1903 1389 esset,
1945 1312 2121 1374 faeiat
2151 1313 2311 1392 quod
2340 1311 2571 1391 promi-

410 1398 554 1461 serit
597 1395 830 1460 neene?
880 1397 1259 1459 Promisisset
1299 1398 1524 1459 nollem
1565 1405 1623 1459 et
1661 1398 1720 1459 id
1752 1398 2010 1459 arbitror
2037 1397 2220 1459 fuisse
2248 1397 2570 1478 gravitatis.

412 1483 708 1556 Quoniam
731 1482 1022 1564 promisit,
1050 1483 1103 1544 si
1123 1483 1335 1544 saltare
1366 1483 1430 1544 in
1461 1483 1592 1544 foro
1625 1490 1799 1564 turpe
1830 1484 2026 1560 ducet,
2056 1482 2366 1545 honestius
2394 1501 2569 1544 men-

408 1568 619 1646 tietur,
663 1568 713 1630 si
744 1586 814 1628 ex
843 1567 1168 1629 hereditate
1199 1567 1350 1629 nihil
1378 1568 1605 1648 ceperit
1620 1615 1636 1644 ,
1684 1587 1861 1649 quam
1890 1569 1942 1631 si
1970 1568 2228 1648 ceperit,
2266 1567 2383 1629 nisi
2410 1568 2570 1629 forte

314 1653 337 1707 ι’
411 1672 540 1715 eam
585 1653 901 1734 pecuniam
936 1653 999 1713 in
1030 1652 1118 1714 rei
1147 1654 1432 1734 publicae
1450 1670 1734 1733 magnum
1763 1654 2001 1734 aliquod
2026 1662 2266 1734 tempus
2291 1652 2569 1715 contule-
2613 1663 2673 1717 15

408 1739 505 1815 rit,
536 1747 603 1800 ut
630 1739 722 1801 vel
751 1739 982 1814 saltare,
1013 1757 1151 1801 oum
1182 1740 1408 1820 patriae
1437 1741 1821 1802 consulturus
1849 1740 1944 1815 sit,
1975 1748 2150 1819 turpe
2181 1758 2304 1801 non
2335 1739 2430 1800 sit.

304 1826 382 1884 25
580 1825 663 1885 Ac
707 1843 784 1885 ne
823 1824 920 1885 illa
968 1825 1207 1903 quidem
1235 1825 1527 1905 promissa
1557 1826 1842 1887 servanda
1871 1832 2043 1900 sunt,
2089 1843 2241 1904 quae
2272 1844 2395 1886 non
2425 1830 2571 1887 sunt

292 1909 369 1981 ‚94
410 1908 482 1971 iis
526 1909 671 1990 ipsis
712 1909 908 1985 utilia,
955 1910 1172 1988 quibus
1214 1909 1312 1972 illa
1351 1908 1715 1991 promiseris.
1789 1911 1895 1972 Sol
1920 1909 2279 1972 Phaethonti
2305 1910 2427 1971 filio
2442 1955 2458 1985 ‚
2500 1917 2571 1971 ut

404 1995 716 2058 redeamus
760 1995 835 2056 ad
875 1995 1134 2070 fabulas,
1178 1996 1475 2058 facturum
1519 2013 1582 2059 se
1625 2014 1754 2059 esse
1793 1996 1952 2057 dixit
1968 1995 2252 2076 quiequid
2282 2002 2564 2075 optasset.

409 2078 646 2160 Optavit
689 2087 757 2141 ut
796 2080 858 2141 in
906 2098 1149 2143 currum
1182 2081 1369 2160 patris
1396 2080 1726 2143 tolleretur.
1800 2080 2079 2143 Sublatus
2111 2088 2218 2143 est.
2289 2080 2469 2161 Atqui
2497 2080 2567 2157 is,
2610 2090 2669 2142 20
2781 2146 2789 2157 ,

405 2172 543 2225 ante
596 2183 772 2246 quam
815 2165 1111 2240 constitit,
1164 2165 1289 2227 ictu
1328 2165 1597 2229 fulminis
1636 2166 1992 2246 deflagravit.
2070 2166 2308 2239 Quanto
2349 2166 2564 2228 melius

404 2250 596 2312 fuerat
629 2250 692 2312 in
722 2248 839 2313 hoe
866 2250 1224 2330 promissum
1254 2252 1441 2331 patris
1468 2271 1593 2317 non
1623 2271 1754 2315 esse
1782 2252 2111 2316 servatum!
2156 2249 2356 2325 Quid?
2401 2251 2563 2331 quod

1536 2402 1728 2456 Wiirde
1751 2404 2003 2470 verlangt.
2038 2403 2093 2456 In
2117 2403 2207 2456 der
2231 2403 2396 2457 oratio
2418 2406 2564 2457 reeta

1535 2471 1716 2525 wfirde'
1749 2471 1864 2534 fuit
1889 2475 2187 2538 gravitatis
2221 2472 2416 2524 stehen.

1542 2571 1550 2577 -
1610 2542 1687 2594 13.
1714 2542 1987 2592 honestius
2007 2544 2315 2605 mentietur,
2352 2540 2481 2593 wird
2506 2555 2562 2592 er

1536 2608 1628 2661 auf
1648 2608 1763 2661 eine
1787 2608 2057 2662 ehi-harere
2081 2607 2257 2661 Weise
2282 2608 2392 2661 sein
2411 2607 2564 2661 Wort

478 2404 523 2453 1.
561 2401 636 2452 ad
662 2417 860 2468 aquam
890 2403 1230 2470 inter-eutem,
1264 2418 1434 2470 gegen

362 2490 373 2509 ν
406 2467 489 2521 die
524 2466 900 2523 Wassersueht.
969 2468 1089 2522 Man
1133 2487 1274 2525 muss
1318 2487 1435 2524 ver-

403 2536 594 2589 binden
628 2539 820 2591 medie.
854 2537 940 2590 ad.
976 2555 1059 2604 aq.
1084 2543 1277 2592 intere.
1312 2538 1432 2607 vgl.

388 2603 469 2656 »de
505 2605 606 2658 div.
644 2605 667 2658 1
699 2609 748 2673 7,
790 2611 852 2660 13
886 2610 1084 2659 mirari
1119 2608 1259 2674 licet,
1296 2623 1436 2674 quae

403 2676 515 2725 sint
559 2676 936 2727 animadversa
983 2692 1017 2727 a
1049 2676 1270 2728 medicis
1315 2678 1434 2728 lter·-

405 2743 597 2793 barum
626 2758 832 2808 genera
846 2783 859 2810 ,
908 2759 1044 2809 quae
1077 2744 1325 2797 radicum
1360 2746 1436 2797 ad

401 2825 611 2861 morsus
655 2813 970 2877 bestiarum,
1029 2812 1104 2864 ad
1147 2814 1430 2865 oculorum

401 2880 630 2945 morbos,
665 2879 739 2929 ad
770 2880 1012 2932 vulnera.

473 2965 522 3015 3.
572 2966 624 3013 si
669 2979 729 3014 eo
772 2964 1185 3016 medicamento:
1235 2964 1336 3017 wie
1372 2979 1431 3018 es

403 3030 456 3082 in
489 3028 775 3097 Vertragen
809 3031 915 3084 und
951 3030 1297 3099 gesetzlichen
1332 3031 1440 3086 Be·-

403 3098 748 3167 stimmungen
772 3100 862 3152 der
885 3100 1186 3165 juristisehe
1211 3100 1310 3153 Stil
1334 3101 1430 3154 mit

402 3166 515 3220 sich
547 3168 749 3236 bfingt,
787 3167 918 3220 wird
950 3169 1043 3221 das
1078 3167 1228 3222 Wort
1260 3171 1429 3222 melu*-

392 3236 532 3294 ,mals
581 3236 910 3304 wiederholt,
965 3252 1051 3289 um
1092 3237 1217 3302 jede
1261 3239 1429 3291 Zwei-

401 3303 690 3372 deutigkeit
724 3321 790 3358 zu
822 3305 1133 3358 vermeiden.

472 3393 553 3443 10.
588 3390 776 3441 saltet.-
811 3405 854 3442 z.
893 3390 927 3458 ὅ
965 3393 1046 3444 75.

472 3467 551 3526 12.
575 3475 911 3525 Promitte-set
928 3475 1140 3528 nollem.
1152 3538 1159 3545 ³
1173 3475 1274 3529 Der
1296 3476 1428 3529 Gon-

364 3606 373 3613 ἐ
391 3541 600 3609 junctiv
621 3542 692 3594 ist
716 3542 933 3595 stehend
957 3542 1045 3596 bei
1076 3543 1242 3596 einem
1267 3545 1429 3598 durch

399 3611 584 3662 vellem
620 3610 745 3663 oder
763 3611 959 3662 nollem
993 3609 1073 3664 als
1105 3612 1425 3666 unerfiillbar

398 3679 769 3732 bezeichneten
786 3677 1065 3733 Wunsche.
1114 3678 1267 3734 Tuse.
1290 3680 1312 3733 1
1338 3685 1404 3735 33

403 3750 463 3802 81
503 3748 685 3799 vellem
721 3746 901 3801 adesse
929 3753 1123 3815 posset.
1176 3747 1319 3803 Verr.
1355 3720 1425 3802 n?

401 3817 484 3880 20,
520 3819 585 3870 43
634 3815 816 3867 vellem
858 3815 1131 3868 dixissem.
1183 3816 1247 3870 ad
1283 3817 1423 3871 Fam.

400 3881 490 3935 vu
528 3884 606 3949 14,
641 3886 672 3937 2
708 3883 921 3935 mallem
956 3900 1345 3952 cognoscerem.

466 3964 634 4027 fuisse
650 3970 967 4031 gravitatis:
994 3969 1087 4022 das
1111 3970 1256 4024 hatte
1279 3972 1424 4026 seine

1534 2675 1782 2739 brechem
1820 2677 1955 2729 deun
1980 2677 2091 2730 sein
2116 2675 2267 2729 Wort
2293 2676 2463 2729 bricht
2487 2692 2559 2743 er,

1536 2744 1600 2798 da
1625 2761 1680 2798 er
1704 2745 1796 2798 das
1816 2744 2172 2813 Verspreehen
2196 2746 2428 2812 gegeben
2452 2746 2562 2810 hat,

1533 2813 1625 2866 auf
1645 2813 1746 2866 alle
1769 2813 1927 2879 Fine,
1964 2829 2116 2866 wenn
2149 2828 2206 2865 er
2228 2813 2371 2866 nieht
2398 2816 2559 2878 tamt,

1531 2897 1651 3002 mdag
1704 2897 1760 2962 er
1774 2882 1893 3002 h‹tiie
1943 2881 2217 2934 Erh‘schaft
2274 2881 2562 2934 annehmeu

1533 2966 1565 3002 o
1602 2965 1657 3002 er
1691 2964 1775 3002 me
1836 2989 1849 3003 .
2629 2987 2632 2989 -

1605 3020 1684 3072 15.
1726 3021 1787 3069 in
1832 3020 1916 3068 rei
1953 3033 2008 3084 p.
2042 3026 2303 3083 magnum
2337 3017 2564 3083 aliquod

1530 3090 1739 3153 tempus
1774 3085 2080 3151 contulerit,
2115 3085 2232 3139 dem
2261 3085 2439 3138 Staate
2473 3084 2562 3137 bei

1530 3154 1672 3206 einer
1739 3167 1954 3220 grosseti
2013 3152 2202 3206 Gefahr
2265 3153 2559 3207 zuwendet.

1530 3236 1790 3288 magnum
1825 3225 2032 3288 tempus
2052 3247 2124 3268 =
2139 3238 2314 3288 grave
2333 3227 2562 3288 tempus.

1529 3316 1595 3328 —-
1633 3289 1735 3342 Des
1770 3289 1996 3358 Beispiel
2043 3289 2208 3343 bildet
2243 3291 2392 3343 einen
2430 3291 2563 3342 Con-

1530 3358 1642 3411 fliet
1673 3358 1932 3411 zwisehen
1959 3357 2059 3410 deu
2079 3358 2339 3411 Forderun
2377 3373 2442 3410 en
2467 3357 2559 3410 des

1528 3426 1821 3480 Anstandes
1856 3425 1961 3479 und
1989 3425 2081 3479 der
2097 3425 2340 3480 Vaterlan
2379 3426 2559 3492 sliebe,

1530 3495 1771 3548 ποι-ὔδω-
1791 3495 1863 3547 im
1887 3494 2227 3562 allgemeinen
2250 3494 2272 3547 1
2295 3494 2329 3561 ξ
2356 3497 2448 3547 159
2471 3509 2562 3562 ge-

1529 3563 1783 3635 sptoohen
1818 3563 1901 3615 ist.

1596 3633 1679 3684 20.
1725 3632 1928 3697 Atqui:
1974 3647 2079 3684 nun
2117 3631 2239 3685 aber
2272 3631 2451 3685 wurde
2486 3646 2557 3697 er,

1527 3699 1624 3752 ehe
1673 3714 1729 3752 er
1778 3699 1970 3752 wieder
2016 3699 2108 3752 auf
2147 3699 2333 3752 festem
2377 3698 2559 3752 Boden

1527 3766 1695 3834 stand,
1718 3783 1841 3821 vom
1850 3766 2017 3820 Blitze
2041 3766 2311 3834 ‘getroffem
2334 3768 2435 3820 wie
2451 3767 2560 3820 viel

1525 3835 1706 3888 besser
1739 3838 1880 3888 ware
1926 3851 1984 3889 es
2033 3836 2144 3889 also
2189 3850 2461 3903 gewesem
2513 3851 2556 3888 s,

1526 3918 1571 3957 z.
1610 3907 1645 3968 ὅ
1686 3907 1764 3958 13.
1856 3958 1861 3963 ,

1595 3973 1679 4025 22.
1714 3975 1774 4024 in
1807 3974 1935 4039 Ιιοσ,
1971 3971 2238 4027 indiesem
2256 3972 2415 4039 Falle,
2455 3973 2557 4026 wie
