2813 4537
843 259 929 314 DE
966 259 1226 314 OFFICIIS
1261 260 1380 315 LIB.
1414 260 1474 315 11.
1545 260 1686 315 CAP.
1713 265 1790 315 10.
2274 258 2396 318 143

244 432 472 518 palari,
517 432 697 514 idque
738 434 946 495 eodem
988 434 1164 497 modo
1203 433 1340 496 feeit
1369 433 1703 496 Panaetius.
1779 433 1895 495 Sed
1922 434 1996 496 ad
2025 434 2396 515 propositum

243 527 623 580 revertamur.
668 519 810 581 Erat
837 518 1020 598 igitur
1048 537 1119 580 ex
1142 519 1215 581 iis
1234 519 1447 595 tribus,
1478 538 1629 601 quae
1650 521 1723 581 ad
1742 518 1990 598 gloriam
2013 520 2400 600 pertinerent,
2439 533 2506 584 36

243 605 360 666 hoo
382 604 642 679 tertium,
671 612 740 665 ut
756 623 891 666 eum
923 605 1272 667 admira-ti
1287 622 1429 667 one
1457 605 1770 666 hominum
1791 605 2023 666 honore
2044 604 2116 666 ab
2138 604 2212 666 iis
2229 605 2400 685 digni

243 688 658 751 iudicaremur.
708 689 1086 752 Admirantur
1117 690 1299 770 igitur
1332 691 1728 752 communiter
1769 690 1852 751 illi
1897 690 2133 770 quidem
2178 690 2396 765 omnia,

183 785 214 836 5
241 793 393 871 quae
422 792 634 853 magna
665 783 723 836 et
751 786 985 855 praeter
1015 774 1363 855 opinionem
1399 794 1565 837 suam
1609 775 2183 850 animadverterunt,
2228 795 2397 856 sepa·

243 859 419 922 ratim
472 870 671 922 autem
714 859 777 921 in
821 859 1101 939 singulis,
1159 859 1211 923 si
1253 855 1625 941 perspiciunt
1679 879 1789 922 nee
1832 859 2072 940 opinata
2115 861 2399 940 quaedam

243 943 701 1025 bona.1taque
743 964 848 1007 eos
886 945 1044 1007 viros
1086 945 1427 1026 suspiciunt
1463 946 1871 1026 maxumisque
1914 945 2184 1007 ecferunt
2210 945 2399 1008 laudi-

244 1028 392 1104 bus,
437 1030 499 1091 in
546 1029 765 1111 quihus
808 1030 1139 1091 existimant
1183 1049 1248 1092 se
1288 1030 1643 1094 exeellentes
1671 1031 1952 1111 quasdam
1984 1045 2040 1092 et
2070 1030 2400 1128 singulares

244 1115 584 1196 perspicere
611 1115 879 1189 virtutes,
916 1114 1255 1196 despiciunt
1281 1125 1480 1178 autem
1510 1135 1614 1177 eos
1643 1124 1704 1177 et
1733 1124 2146 1190 contemnunt,
2175 1116 2237 1178 in
2269 1116 2404 1196 qui-

143 1210 204 1262 10
243 1199 359 1261 bus
388 1199 537 1262 nihil
565 1200 818 1275 virtutis,
851 1199 998 1262 nihil
1026 1200 1230 1276 animi,
1262 1200 1409 1263 nihil
1440 1220 1755 1263 nervorum
1787 1210 2016 1281 putant.
2074 1200 2208 1263 Non
2241 1201 2399 1263 enim

248 1304 457 1347 omnes
486 1304 591 1348 eos
620 1295 1049 1360 contemnunt,
1091 1286 1165 1348 de
1202 1286 1421 1366 quibus
1449 1286 1600 1349 male
1630 1288 2003 1348 existumant.
2062 1286 2212 1348 Nam
2249 1305 2401 1367 quos

244 1369 584 1452 improbos,
626 1371 962 1443 maleficos,
1003 1371 1417 1434 fraudulentos
1458 1381 1670 1453 putant
1713 1382 1774 1434 et
1814 1373 1887 1433 ad
1931 1371 2259 1434 faciendam
2301 1372 2395 1434 in-

246 1456 460 1518 iuriam
489 1456 843 1531 instructos,
874 1476 979 1519 eos
1006 1465 1399 1519 contemnunt
1427 1458 1666 1538 quidem
1695 1457 2060 1538 neutiquam,
2091 1458 2192 1519 sed
2223 1458 2296 1518 de
2325 1457 2399 1519 iis

246 1541 400 1603 male
429 1541 801 1604 existumant.
860 1540 1049 1612 Quam
1078 1541 1157 1603 ob
1184 1561 1343 1616 rem,
1382 1552 1451 1605 ut
1476 1551 1615 1605 ante
1644 1543 1793 1618 dixi,
1833 1550 2307 1605 contemnuntur
2334 1541 2397 1617 ii,

141 1638 200 1690 15
245 1626 348 1706 qui
378 1631 514 1689 ‘nee
543 1626 656 1688 sibi
688 1645 802 1689 nee
828 1626 1035 1697 alteri’‚
1063 1636 1133 1688 ut
1160 1627 1405 1700 dieitur,
1436 1628 1498 1688 in
1531 1627 1750 1707 quibus
1778 1626 1978 1689 nullus
2005 1627 2203 1702 labor,
2234 1627 2396 1690 nulla
2459 1635 2468 1642 ”

243 1711 552 1786 industria,
583 1711 746 1773 nulla
777 1730 919 1773 eura
949 1721 1058 1773 est.
1103 1711 1506 1773 Admiratione
1535 1721 1732 1773 autem
1760 1712 2044 1774 adficiunt
2064 1713 2127 1787 ii,
2159 1712 2261 1793 qui
2284 1732 2391 1773 an·
2437 1723 2499 1773 37

243 1797 394 1858 teire
424 1796 640 1858 ceteris
666 1797 881 1860 virtute
909 1806 1197 1877 putantur
1227 1806 1287 1857 et
1316 1814 1454 1858 eum
1492 1796 1655 1858 omni
1698 1815 1898 1858 carere
1939 1797 2227 1858 dedecore
2272 1808 2399 1858 tum

243 1899 384 1942 vero
414 1880 489 1942 iis
515 1881 702 1955 vitiis,
751 1881 971 1962 quibus
997 1881 1099 1943 alii
1128 1900 1252 1942 non
1283 1880 1454 1944 facile
1482 1891 1739 1963 possunt
1774 1881 2078 1943 obsistere.
2150 1881 2297 1943 Nam
2343 1891 2401 1943 et

244 1965 609 2047 voluptateS,
648 1965 1064 2029 blandissimae
1106 1966 1415 2041 dominae,
1457 1966 1700 2029 maioris
1738 1967 1925 2048 partis
1962 1967 2192 2028 animos
2220 1986 2254 2029 a
2284 1966 2399 2029 vir-

141 2061 202 2113 m
242 2060 369 2113 tute
397 2052 751 2131 detorquent
782 2062 860 2128 et,
904 2052 1175 2114 dolorum
1206 2070 1344 2114 eum
1373 2052 1762 2115 admoventur
1790 2053 1965 2128 taces,
2006 2062 2243 2133 praeter
2269 2070 2400 2112 mo-

316 2237 363 2288 2.
399 2235 570 2291 Erat:
605 2236 733 2289 uber
755 2236 855 2289 den
879 2235 1146 2291 Gebrauch
1180 2236 1272 2291 des
1373 2236 1608 2291 sam.V11
1634 2240 1695 2292 31
1734 2253 1821 2288 res
1853 2240 1933 2288 ita
1970 2240 2294 2303 contractas,
2319 2241 2403 2304 ut,

245 2303 547 2370 Imperfects
581 2320 626 2358 z.
661 2304 684 2356 1
719 2307 751 2368 ὅ
795 2309 908 2360 143.
1374 2322 1532 2373 quem
1568 2306 1641 2359 ad
1672 2306 1889 2357 modum
1921 2307 2140 2370 scribis,
2180 2321 2279 2356 nee
2313 2322 2401 2358 oa-

315 2376 365 2426 4.
436 2376 792 2424 eommuniter
845 2401 916 2411 —-
967 2379 1276 2441 separatim.
1364 2380 1475 2441 put
1506 2390 1607 2425 nee
1636 2375 1820 2440 pedes,
1854 2391 1904 2426 u.
1941 2372 2101 2439 dergl.
2138 2374 2296 2426 mehr.

243 2440 473 2505 Ebenso‚
505 2440 627 2493 aber
649 2440 745 2492 mit
774 2441 1031 2507 gewissen
1054 2442 1277 2495 Nuanei·
1451 2446 1524 2497 16.
1543 2442 1923 2494 Admiratione
1938 2442 2404 2504 adficiunt==ad-

243 2522 471 2576 mugen,
527 2508 657 2561 wird
691 2514 901 2575 gesagt:
950 2513 1274 2576 generatim,
1371 2513 1719 2562 mirationem
1751 2514 1983 2579 movent.
2030 2512 2062 2575 ξ
2086 2514 2153 2564 38
2187 2513 2404 2561 iustitia

242 2578 571 2643 summatim,
602 2580 913 2628 universe-
931 2577 1272 2644 singulatim,
1373 2578 1599 2642 conficit
1631 2579 2062 2630 admirationem.
2120 2576 2215 2629 Die
2248 2576 2400 2632 Hdss.

280 2648 482 2712 roprie.
551 2615 617 2697 'In
666 2645 902 2711 :iugulis
947 2645 1138 2698 erklart
1172 2646 1272 2700 den
1373 2645 1546 2699 haben
1580 2646 1720 2698 adm.
1756 2645 2115 2709 adficiuntur,
2152 2646 2276 2698 aber
2305 2645 2403 2696 ad-

241 2662 482 2780 flegrifl'
472 2729 577 2765 von
611 2716 936 2780 separatim,
989 2715 1093 2767 wie
1129 2714 1271 2767 Verr.
1373 2717 1600 2766 miratio
1651 2713 1836 2766 drfickt
1883 2713 2033 2766 einen
2077 2713 2251 2766 Affeet
2284 2713 2404 2777 (das

243 2781 287 2833 11
322 2784 550 2848 69,168
586 2784 651 2833 ab
686 2785 943 2834 universa
965 2784 1275 2849 provincia,
1375 2781 1716 2835 Verwundert
1749 2783 1888 2840 sein)
1924 2780 2050 2834 oder
2082 2782 2198 2835 eine
2231 2780 2404 2833 Hand-

238 2821 652 2917 genessatimquo
718 2852 785 2902 ab
852 2852 1090 2916 sing-ulis
1159 2855 1275 2902 eim
1373 2850 1502 2917 lung
1536 2850 1649 2909 (das
1671 2849 2015 2913 Bewundern)
2051 2866 2161 2915 aus,
2196 2865 2256 2903 so
2280 2848 2402 2902 dass

240 2920 506 2987 partibus.
1374 2934 1494 2971 man
1519 2918 1824 2971 schwerlieh
1857 2920 2220 2971 admiratione
2246 2917 2404 2980 affici

321 2991 396 3040 10.
432 2989 655 3038 virtutis
670 3014 712 3025 -
732 2990 906 3039 animi
925 3015 966 3026 -
982 3002 1274 3039 nervorum
1373 3012 1445 3034 ==
1477 2986 1783 3040 hewundert
1809 2986 2013 3040 werden
2048 3002 2209 3054 sagen
2244 2985 2404 3051 kann,

244 3052 660 3121 Tochtigkeit-
696 3055 917 3108 Geist-
952 3055 1190 3121 Euergie.
1375 3056 1478 3108 wie
1533 3055 1714 3122 laude,
1768 3057 1973 3107 honore
2018 3055 2175 3118 affici
2220 3062 2406 3122 gesagt

304 3127 382 3176 12.
396 3123 815 3186 maleficosmuss
826 3127 954 3176 statt
965 3124 1271 3190 maledicos,
1373 3122 1520 3176 wird.

244 3205 358 3244 was
393 3190 475 3242 die
507 3190 658 3244 Hdss.
695 3191 891 3257 haben,
932 3192 1272 3258 gesehrieben
1447 3196 1526 3245 16.
1564 3194 1772 3243 anteire
1808 3193 2010 3242 ceter-w.
2086 3191 2297 3241 anteire
2330 3188 2402 3240 im

244 3257 482 3322 werden,
516 3256 650 3310 denn
685 3257 776 3310 der
810 3259 1271 3326 Sehmahsfiehtige
1371 3258 1748 3325 fibertragenen
1785 3257 1942 3310 Sinne
1992 3257 2261 3310 verbindet
2296 3256 2398 3310 Cic.

244 3295 683 3446 ῗιῗέὅὲηῗζΐᾞὲθ
700 3325 1013 3446 ἔέἒιξὲἐιῗέ.
1035 3327 1272 3463 ῗιὶξὶῗὲῑ
1371 3327 1615 3447 :wit
1645 3325 2091 3448 333302501226’
2133 3330 2163 3380 ⁵
2199 3327 2297 3391 ‘¹²⁴²'
2328 3327 2406 3375 ‘'²''

243 3460 538 3515 verschafl't.
622 3461 771 3513 Aueh
821 3462 904 3514 die
953 3460 1118 3530 Parap
1122 3464 1271 3516 hrase
1454 3467 1525 3518 19.
1598 3466 1825 3514 maioris
1862 3465 2076 3529 partis.-
2143 3460 2166 3512 1
2211 3461 2242 3525 ξ
2285 3463 2399 3512 147.

246 3529 336 3583 der
371 3528 536 3583 Stelle
569 3529 656 3582 hei
688 3529 865 3584 Ambr.
888 3528 930 3581 11
965 3479 1273 3584 c.16psiihrt
1371 3532 1577 3585 Ebenso
1612 3531 1655 3584 11
1691 3534 1722 3597 ξ
1744 3534 1806 3584 71
1845 3535 1994 3583 omni
2021 3532 2216 3596 generi
2247 3530 2402 3580 eatis-

246 3598 339 3651 anf
367 3599 653 3663 maleficos.
1371 3598 1574 3665 facere,
1606 3600 1802 3653 Leuten
1828 3599 1979 3664 jeder
2013 3600 2107 3650 Art
2145 3600 2402 3664 geuugen.

322 3670 398 3719 15.
429 3671 524 3733 qm·
551 3683 651 3718 neo
672 3668 780 3717 sibi
795 3682 893 3717 nee
911 3666 1089 3731 alteri,
1115 3666 1270 3718 naml.
1375 3665 1447 3721 So
1483 3668 1730 3721 bedentet
1763 3668 1895 3720 aueh
1928 3670 1960 3732 ξ
1983 3671 2049 3720 45
2085 3667 2264 3717 oratio
2287 3680 2401 3714 ms·

241 3734 439 3787 valent.
487 3733 812 3789 Namentlieh
841 3735 896 3786 in
925 3734 1274 3802 sprueliwort-
1374 3741 1529 3802 cepta
1552 3753 1663 3789 non
1683 3736 1753 3788 de
1777 3742 1843 3801 te,
1866 3736 1961 3787 aed
1980 3736 2046 3787 de
2062 3749 2265 3800 genere
2287 3737 2400 3784 toto

243 3802 417 3855 lichen
433 3801 783 3857 Redeusarten
799 3801 962 3855 findet
982 3802 1064 3855 die
1075 3802 1271 3871 Ellipse
1373 3804 1518 3857 nieht
1563 3805 1707 3857 ‘fiber
1750 3803 1834 3857 die
1870 3802 2037 3856 Saehe
2078 3801 2405 3867 uberhaupt'‚

243 3871 331 3924 bei
365 3870 466 3924 den
500 3869 722 3925 Romern
764 3872 885 3924 sehr
918 3870 1272 3938 ausgedehnte
1374 3872 1628 3925 sondern
1614 3888 1668 3925 ιιι
1686 3871 1884 3925 Betreff
1899 3871 1991 3923 der
2005 3885 2208 3938 ganzen
2225 3869 2403 3922 Classe

243 3939 612 4007 Anwendung.
656 3938 857 4002 fortem
886 3937 1133 4001 fortuna.
1206 3938 1272 3993 ad
1372 3939 1529 3995 uiml.
1567 3956 1671 3993 von
1703 3939 2035 4008 Junglingen.
