2813 4537
387 264 510 327 148
990 269 1074 322 DE
1102 266 1371 322 ormcus
1409 263 1527 323 ΠΒ.
1559 267 1616 322 11.
1669 268 1813 324 CAP.
1848 271 1927 323 13.

279 444 354 502 18
551 443 686 518 Sed,
730 441 1098 509 utfacillime
1130 442 1337 521 quales
1379 440 1565 504 simus
1607 441 1754 503 tales
1795 459 1924 503 esse
1968 440 2287 516 videamur,
2331 442 2441 502 etsi
2471 442 2532 502 in

279 527 339 578 44
384 551 454 594 eo
485 530 617 609 ipso
647 529 732 590 vis
771 528 1022 589 maxima
1053 534 1170 601 est,
1214 534 1281 588 ut
1310 527 1495 589 simus
1525 526 1583 602 ii,
1629 526 1731 605 qui
1768 526 1970 587 haberi
2013 526 2290 601 velimuS,
2334 535 2534 587 tamen

385 615 669 697 quaedam
700 620 1016 693 praecepta
1057 613 1248 673 danda
1277 619 1437 673 sunt.
1497 612 1645 672 Nam
1687 611 1737 673 si
1768 611 1902 690 quis
1941 612 2015 672 ab
2057 611 2305 673 ineunte
2347 619 2537 672 aetate

277 711 285 722 ¹
382 699 562 763 habet
589 716 824 760 causam
854 697 1212 760 celebritatis
1240 704 1301 758 et
1329 696 1590 759 nominis
1620 703 1723 758 aut
1750 716 1784 757 a
1814 703 1982 776 patre
2011 704 2332 777 acceptam,
2379 698 2538 776 quod

382 785 509 859 tibi,
540 783 620 845 mi
645 783 870 857 Cicero,
901 783 1160 844 arbitror
1181 782 1520 863 contigisse,
1551 790 1653 843 aut
1683 782 1881 861 aliquo
1907 800 2049 843 casu
2072 790 2250 861 atque
2278 783 2538 856 fortuna,

384 871 447 933 in
480 870 640 931 hunc
667 868 826 930 oculi
851 869 1116 930 omnium
1143 867 1528 930 coniciuntur
1548 875 1725 946 atque
1746 867 1810 928 in
1836 886 1990 942 eum,
2017 867 2158 946 quid
2181 874 2334 946 agat,
2357 886 2535 947 quem

385 957 456 1017 ad
486 954 730 1016 modum
757 954 925 1029 vivat,
959 953 1296 1033 inquiritur,
1321 962 1380 1014 et
1399 961 1700 1031 tamquam
1732 953 1793 1013 in
1826 953 2148 1014 clarissima
2177 953 2310 1014 luce
2339 970 2536 1014 verse-

381 1050 500 1116 tur,
533 1039 614 1100 ita
644 1039 875 1100 nullum
899 1039 1220 1101 obscurum
1241 1046 1439 1118 potest
1470 1056 1582 1099 nec
1605 1038 1829 1099 dictum
1849 1037 1977 1099 eius
1999 1056 2128 1099 esse
2160 1056 2273 1099 nec
2294 1039 2533 1099 factum.

280 1130 338 1181 45
382 1127 653 1198 Quorum
681 1132 880 1185 autem
909 1123 1099 1204 prima
1126 1131 1289 1193 aetas
1318 1130 1568 1204 propter
1597 1123 1986 1186 humilitatem
2023 1131 2084 1184 et
2103 1123 2533 1185 obscuritatem

384 1212 446 1271 in
478 1209 787 1270 hominum
817 1208 1195 1292 ignoratione
1223 1217 1508 1283 versatur,
1552 1208 1612 1284 ii,
1657 1208 1832 1271 simul
1861 1227 1929 1269 ac
1958 1208 2203 1271 iuvenes
2238 1228 2366 1272 esse
2398 1228 2535 1270 coe-

384 1302 622 1376 perunt,
652 1311 866 1373 magna
885 1303 1154 1375 spectare
1184 1295 1335 1355 etad
1365 1312 1434 1355 ea
1462 1294 1642 1355 rectis
1662 1293 1874 1356 studiis
1902 1294 2121 1355 debent
2143 1295 2534 1358 contendere:

384 1381 545 1460 quod
575 1398 648 1440 eo
678 1377 939 1440 firmiore
981 1379 1180 1441 animo
1220 1379 1468 1454 facient,
1515 1379 1653 1458 quia
1685 1398 1809 1440 non
1855 1380 2031 1440 modo
2077 1398 2200 1440 non
2242 1379 2539 1441 invidetur

384 1464 467 1526 illi
497 1463 692 1539 aetati,
721 1482 926 1526 verum
958 1465 1134 1526 etiam
1164 1466 1411 1526 favetur.

554 1549 749 1610 Prima
793 1557 880 1611 est
925 1550 1106 1631 igitur
1156 1549 1522 1611 adulescenti
1566 1549 2002 1610 commendatio
2047 1550 2120 1610 ad
2164 1550 2411 1629 gloriam
2427 1598 2442 1625 ,
2488 1550 2537 1611 si

294 1665 298 1669 ·
386 1653 504 1714 qua
534 1653 619 1695 ex
648 1634 965 1697 bellicis
1009 1637 1238 1698 rebus
1281 1635 1612 1715 comparari
1657 1643 1880 1715 potest,
1928 1634 1990 1695 in
2037 1653 2153 1714 qua
2183 1636 2353 1697 multi
2383 1637 2539 1716 apud

385 1719 639 1781 maiores
667 1727 907 1783 nostros
935 1722 1321 1785 exstiterunt:
1368 1739 1605 1801 semper
1636 1720 1795 1782 enim
1825 1722 1950 1781 fere
1979 1721 2130 1782 bella
2160 1721 2537 1800 gerebantur.

387 1804 513 1866 Tua
543 1811 740 1866 autem
784 1813 943 1867 aetas
971 1806 1179 1868 incidit
1216 1806 1277 1867 in
1309 1806 1370 1867 id
1397 1806 1620 1867 bellum
1636 1853 1651 1881 ,
1695 1806 1866 1868 cuius
1895 1806 2078 1866 altera
2121 1824 2258 1885 pars
2299 1805 2540 1868 sceleris

386 1889 633 1952 nimium
678 1890 911 1967 habuit,
967 1892 1147 1953 altera
1191 1890 1488 1953 felicitatis
1543 1909 1772 1971 parum.
1862 1890 1996 1961 Quo
2038 1899 2237 1952 tamen
2272 1891 2334 1952 in
2382 1892 2537 1952 bello

387 1983 523 2037 'cum
553 1982 612 2035 te
643 1974 962 2055 Pompeius
991 1977 1114 2037 alae
1147 1971 1362 2061 [alteri]
1394 1976 1795 2056 praefecisset,
1841 1995 2115 2055 magnam
2152 1975 2386 2037 laudem
2419 1985 2476 2037 et
2506 1996 2538 2038 a

2581 1216 2641 1268 10

2586 1641 2642 1693 15

384 2200 391 2204 .
459 2161 503 2211 1.
535 2157 718 2223 qualos
746 2161 914 2208 simus
945 2159 1075 2209 tales
1104 2162 1415 2212 eesevidea·

386 2224 622 2292 mum-fur
633 2225 810 2279 solche
824 2225 1062 2294 gehalten
1075 2228 1299 2294 werden,
1311 2229 1412 2283 wie

388 2295 486 2347 wir
519 2293 634 2347 sind
649 2334 663 2360 ,
699 2294 749 2346 d.
784 2296 836 2348 h.
871 2295 926 2347 in
962 2311 1165 2355 unserm
1199 2297 1413 2351 Werthe

386 2361 674 2416 anerkannt
726 2362 959 2429 werden,
1008 2364 1093 2417 ein
1139 2366 1415 2420 Ausdruck

386 2431 469 2491 ‚fiir
497 2431 736 2496 gloriam
762 2435 1049 2497 consequi,
1104 2433 1194 2487 der
1229 2450 1412 2502 wegen

382 2499 480 2552 des
515 2499 862 2566 Gegensatzes
905 2505 969 2551 ut
997 2504 1165 2554 simus
1196 2506 1266 2568 ii,
1317 2506 1414 2569 qm·

389 2569 577 2620 haberi
608 2568 829 2620 velimus
862 2570 1174 2636 angewandt
1206 2571 1291 2623 ist.

387 2667 393 2675 ·
457 2639 505 2688 4.
562 2638 720 2688 habet
763 2653 1004 2703 causam,
1055 2638 1166 2690 sich
1218 2640 1272 2691 in
1325 2640 1416 2693 der

388 2705 524 2771 Lage
570 2703 815 2758 befindet.
895 2705 1100 2758 Ebenso
1145 2710 1205 2758 in
1252 2723 1415 2759 causa

386 2789 497 2827 esse
529 2771 550 2823 1
585 2772 754 2838 §1¹2-
790 2771 854 2824 111
886 2772 1055 2839 5100.

467 2842 542 2892 11.
578 2843 744 2891 rectis
764 2840 962 2891 studiis
991 2842 1312 2893 contendere
1345 2841 1416 2894 ist

394 2906 523 2959 nach
546 2906 637 2959 der
659 2906 912 2974 Analogie
935 2924 1040 2961 von
1065 2915 1208 2961 recto
1237 2925 1415 2975 cursu,

388 2979 540 3038 recto
574 2977 772 3035 itinere
806 2981 942 3027 cont.
982 2980 1180 3043 gesagt.

465 3045 544 3096 14.
570 3045 770 3108 Prima,
786 3044 835 3096 d.
848 3044 881 3096 i.
907 3044 990 3096 die
1006 3045 1413 3112 vorzfiglichste3

392 3110 527 3163 deun
564 3111 655 3163 der
686 3111 1032 3179 kriegerische
1064 3112 1231 3166 Ruhm
1267 3113 1418 3167 stand

393 3179 509 3231 dem
560 3179 750 3243 Bonner
798 3181 934 3233 noch
984 3181 1147 3234 heber
1198 3183 1276 3235 als
1326 3182 1419 3236 der

393 3247 551 3300 durch
587 3247 976 3302 Beredsamkeit
1011 3250 1267 3317 erlangte;
1310 3250 1416 3317 vgl.

393 3315 428 3381 ἃ
448 3318 530 3368 66.
549 3331 615 3383 p.
652 3315 780 3371 Mur.
818 3321 867 3383 9,
887 3320 952 3371 22
991 3322 1088 3384 qui
1111 3323 1291 3385 potest
1322 3320 1420 3371 du-

388 3385 575 3449 bitari,
612 3387 743 3450 quin
779 3386 853 3437 ad
884 3387 1220 3439 consulatum
1243 3387 1417 3454 adipi-

388 3451 647 3503 scendum
665 3453 834 3504 multo
853 3454 977 3520 plus
1008 3455 1208 3519 afferat
1239 3456 1419 3521 digni·

394 3523 520 3571 tatis
586 3525 672 3572 rei
737 3522 991 3573 militaris
1060 3536 1220 3589 quam
1278 3527 1419 3575 iuris

390 3588 570 3640 civilis
593 3589 816 3654 gloria?

467 3660 545 3710 15.
580 3661 641 3709 in
677 3674 783 3724 qua
808 3658 1036 3724 (gloria)
1071 3659 1234 3711 multi
1253 3663 1420 3711 exsti·-

397 3729 597 3789 terunt,
643 3726 755 3779 sich
791 3727 1186 3793 ausgezeichnet
1219 3727 1414 3788 haben:

394 3789 460 3845 de
480 3808 555 3847 or.
579 3793 601 3845 1
624 3796 672 3859 3,
696 3798 758 3851 10
793 3812 899 3861 quo
927 3800 1106 3848 tamen
1140 3798 1201 3847 in
1216 3811 1420 3863 genere

395 3863 474 3912 ita
507 3862 669 3912 multi
699 3862 927 3930 perfecti
959 3865 1198 3916 homines
1229 3867 1420 3917 emme-

392 3934 540 3991 runt.
577 3928 645 3982 ib.
669 3929 691 3981 1
714 3933 764 3995 2,
782 3934 815 3984 6
839 3948 939 3984 cur
957 3932 1142 3999 plures
1163 3935 1223 3985 in
1247 3937 1419 3996 omni-

1514 2164 1624 2218 bus,
1645 2163 1853 2212 artibus
1887 2176 2049 2227 quam
2082 2163 2142 2212 in
2178 2161 2404 2212 dicendo
2446 2161 2539 2214 ad-

1511 2228 1787 2283 mirabiles
1821 2231 2138 2287 emtitissent.
2232 2292 2237 2296 ἢ

1586 2302 1665 2357 17.
1703 2302 1799 2349 tua
1833 2303 2008 2349 aetas:
2053 2314 2094 2352 s,
2132 2297 2264 2349 Einl.
2300 2297 2400 2364 54.

1513 2416 1522 2425 ,
1583 2366 1758 2417 altera
1787 2382 1919 2432 pars
1952 2366 2168 2419 sceleris
2201 2369 2461 2419 nimium.-
2498 2380 2538 2418 s.

1513 2450 1557 2486 z.
1595 2433 1628 2501 ξ
1654 2436 1716 2487 27
1756 2450 1919 2487 cama
1951 2437 2140 2500 impia.

1586 2505 1665 2554 19.
1704 2502 1839 2559 alae.
1898 2502 1990 2555 Die
2025 2501 2247 2554 Reiterei
2282 2501 2371 2554 der
2405 2502 2543 2554 Bun·

1518 2569 1867 2636 desgenossen
1903 2570 2254 2634 (auxiliares)
2293 2584 2400 2623 war
2434 2570 2543 2622 ein-

1519 2638 1738 2704 getheilt
1771 2638 1826 2691 in
1861 2640 2007 2703 alae,
2059 2637 2440 2704 Abtheilungen
2477 2653 2542 2690 zu

1514 2710 1620 2759 300
1632 2710 1769 2760 -400
1778 2705 1949 2760 Manu.
1973 2705 2030 2757 In
2044 2706 2248 2761 Ciceros
2257 2705 2369 2758 Zeit
2381 2706 2543 2773 pfleg-

1518 2778 1607 2827 ten
1620 2775 1923 2839 vornebmej
1931 2789 2066 2841 unge
2075 2774 2231 2827 Leute
2243 2774 2385 2827 nicht
2398 2775 2450 2827 in
2460 2773 2542 2829 die

1516 2842 1710 2909 Legion
1731 2843 2067 2908 einzutreten,
2084 2842 2305 2895 sondern
2328 2842 2403 2895 als
2422 2857 2544 2894 oon-

1519 2910 1822 2962 tuber-nalem
1855 2914 2199 2977 imperatoris
2242 2909 2325 2963 die
2372 2914 2544 2964 ersten

1516 2978 1726 3031 Dienste
1750 2995 1815 3032 zu
1837 2979 1981 3045 thun,
2007 2979 2108 3031 und
2135 2978 2385 3032 erhielten
2409 2977 2544 3031 daun

1515 3048 1671 3099 meist
1727 3046 1821 3099 das
1874 3046 2185 3099 Commendo
2245 3047 2371 3099 iiber
2431 3046 2543 3098 eine

1519 3115 1697 3168 solcbe
1720 3115 1824 3167 ala.
1879 3113 1949 3168 So
1976 3130 2085 3167 war
2119 3129 2176 3167 es
2213 3115 2343 3168 auch
2378 3114 2430 3166 in
2456 3113 2546 3167 der

1519 3183 1803 3237 Kaiserzeit
1849 3180 1984 3235 Sitte
2029 3181 2190 3247 (Plin.
2240 3198 2322 3250 ep.
2370 3182 2417 3235 X
2468 3184 2545 3236 19.

1520 3251 1736 3306 Sueten.
1793 3251 1925 3318 Aug.
1965 3254 2045 3311 38.
2083 3254 2166 3304 46.
2228 3250 2401 3305 Claud.
2438 3251 2545 3313 25),

1521 3320 1625 3372 und
1660 3319 1889 3372 dieselbe
1923 3318 2322 3385 Auszeichnung
2364 3318 2546 3373 erhielt

1520 3387 1610 3439 der
1645 3387 1841 3440 damals
1875 3387 2320 3453 siebzehnjiihrige
2353 3386 2546 3439 Cicero.

1519 3455 1688 3509 Danu,
1712 3471 1853 3510 muss
1889 3456 2011 3509 aber
2046 3456 2210 3507 alteri
2258 3453 2548 3520 gesti-ichen

1521 3523 1754 3589 werden,
1791 3524 1924 3579 deun
1949 3539 2008 3576 es
2035 3532 2208 3577 waren
2243 3522 2385 3575 nicht
2408 3526 2549 3575 etwa

1514 3593 1573 3657 je
1620 3590 1781 3644 zwei
1831 3593 1950 3644 alae
1984 3590 2124 3644 einer
2157 3590 2351 3656 Legion
2394 3604 2550 3656 zuge-

1522 3659 1699 3725 theilt,
1731 3659 1952 3714 sondern
1967 3661 2026 3724 je
2046 3659 2177 3713 nach
2195 3659 2294 3711 den
2312 3657 2550 3713 Umstiin-

1521 3727 1622 3781 den
1645 3729 1791 3781 mehr
1814 3727 1937 3783 oder
1960 3727 2205 3794 weniger.
2242 3726 2351 3778 Ala
2373 3726 2548 3779 alter-a

1520 3796 1716 3849 konnte
1764 3812 1859 3850 nur
1892 3795 2207 3849 bezeichnen
2259 3795 2345 3847 die
2377 3794 2549 3847 Hfilfte

1519 3864 1611 3918 der
1632 3866 1818 3919 Armee
1845 3864 1937 3918 der
1964 3866 2130 3930 socii,
2162 3864 2253 3916 der
2270 3863 2550 3923 ‚italischen

1520 3932 2001 4001 Bundesgenossen,
2038 3932 2122 3985 die
2146 3932 2198 3984 in
2234 3932 2326 3984 ala
2352 3932 2548 3989 dextra
