2813 4537
420 284 546 346 220
956 331 963 338 .
1024 285 1108 338 ΒΕ
1146 283 1408 338 omens
1443 283 1561 340 ΗΒ.
1579 283 1658 336 ΠΙ.
1715 282 1964 338 cAP.19.

317 474 376 523 77
419 469 596 523 stum.
648 459 778 521 Hoc
803 460 1052 539 quinon
1076 459 1365 534 didicerit,
1394 458 1594 520 bonus
1614 457 1703 517 vir
1725 475 1855 518 esse
1877 475 2001 518 non
2034 456 2273 537 poterit.
2327 455 2392 518 C.
2413 455 2582 518 Fim-

418 547 609 608 briam
632 546 1005 607 consularem
1027 543 1337 606 audiebam
1358 544 1434 604 de
1462 549 1630 623 patre
1660 550 1867 605 nostro
1898 560 2049 623 puer
2077 540 2331 603 iudicem
2355 541 2433 603 M.
2455 541 2584 603 Lu-

418 633 565 693 tatio
596 631 867 693 Pinthiae
895 630 1096 703 fuisse,
1138 629 1324 709 equiti
1352 628 1623 690 Romano
1654 646 1797 689 sane
1828 628 2102 702 honesto,
2145 645 2283 689 cum
2311 628 2363 688 is
2390 645 2582 707 spon-

420 718 653 779 sionem
693 717 930 778 fecisset
962 735 1022 776 Νι
1051 734 1149 776 vm
1178 733 1360 775 nonus
1387 732 1579 776 esser.
1652 712 1857 792 Itaque
1902 713 1957 774 ei
2000 713 2215 775 dixisse
2256 711 2583 774 Fimbriam

421 821 486 864 se
526 802 686 863 illam
727 819 855 862 rem
886 818 1213 880 numquam
1242 798 1659 873 iudicaturum,
1704 817 1783 860 ne
1811 807 1914 859 aut
1941 798 2225 879 spoliaret
2251 799 2405 859 fama
2434 817 2582 879 pro-
2626 810 2660 860 5

420 888 625 949 batum
665 886 988 962 hominem,
1047 886 1098 948 si
1140 892 1350 946 contra
1392 884 1783 959 iudicavisset,
1824 891 1925 946 aut
1966 883 2242 946 statuisse
2279 882 2586 945 videretur

420 973 613 1035 virum
654 973 883 1034 bonum
927 989 1054 1046 esse
1083 970 1338 1049 aliquem
1354 1016 1371 1045 ‚
1419 988 1557 1031 cum
1586 988 1655 1031 ea
1683 987 1782 1031 res
1809 968 2343 1031 innumerabilibus
2371 968 2587 1030 officiis

423 1067 484 1119 et
528 1058 801 1120 laudibus
833 1056 1266 1117 contineretur.
1339 1054 1495 1117 Huic
1524 1055 1705 1135 igitur
1732 1054 1857 1115 viro
1887 1054 2070 1129 bono,
2114 1072 2293 1133 quem
2322 1053 2585 1115 Fimbria

425 1145 621 1217 etiam,
652 1160 777 1203 non
801 1141 979 1203 modo
1004 1141 1280 1202 Socrates
1303 1149 1565 1216 noverat,
1596 1140 1762 1202 nullo
1785 1141 1963 1202 modo
1985 1140 2171 1201 videri
2192 1147 2390 1220 potest
2411 1139 2584 1220 quic-

427 1246 606 1307 quam
648 1246 777 1289 esse
820 1227 995 1300 utile,
1044 1226 1205 1306 quod
1249 1244 1375 1286 non
1422 1227 1739 1288 honestum
1783 1226 1878 1287 sit.
1937 1225 2143 1304 Itaque
2175 1224 2308 1286 talis
2335 1224 2424 1285 vir
2452 1243 2581 1286 non
2631 1237 2691 1287 ιο

425 1313 603 1376 modo
625 1314 838 1386 facere,
869 1313 971 1374 sed
997 1330 1074 1373 ne
1097 1311 1358 1391 cogitare
1382 1311 1625 1390 quidem
1645 1311 1963 1392 quicquam
1986 1309 2243 1385 audebit,
2269 1310 2425 1389 quod
2455 1328 2584 1371 non

426 1399 640 1460 audeat
689 1396 1029 1478 praedicare
1099 1396 1259 1458 Haec
1312 1415 1438 1457 non
1490 1406 1665 1476 turpe
1718 1404 1808 1457 est
1856 1396 2126 1457 dubitare
2175 1395 2585 1476 philosophoS‚

428 1502 579 1563 quae
625 1502 703 1544 ne
742 1482 949 1543 rustici
987 1481 1228 1561 quidem
1256 1479 1575 1542 dubitent?
1636 1500 1670 1543 a
1699 1481 1918 1561 quibus
1946 1488 2153 1543 natum
2182 1488 2273 1542 est
2300 1481 2378 1555 id,
2423 1481 2588 1560 quod

427 1569 543 1629 iam
573 1568 901 1629 contritum
931 1574 1021 1628 est
1047 1574 1357 1641 vetustate,
1387 1566 1803 1647 proverbium:
1835 1586 1974 1628 cum
2002 1566 2162 1627 enim
2192 1566 2369 1627 fidem
2398 1566 2585 1627 alicu-

426 1653 521 1715 ius
552 1653 1000 1731 bonitatemque
1029 1653 1288 1726 laudant,
1321 1652 1587 1732 ‘dignum
1617 1652 1765 1713 esse'
1795 1652 2004 1714 dicunt
2032 1651 2292 1731 ‘quicum
2321 1651 2383 1711 in
2415 1659 2586 1712 tene-
2631 1661 2689 1712 15

427 1738 552 1800 bris
585 1737 806 1800 mices.'
864 1737 993 1798 Hoc
1025 1756 1203 1818 quam
1233 1737 1412 1798 habet
1439 1738 1556 1798 vim
1586 1738 1702 1799 nisi
1729 1737 1906 1813 illam,
1937 1737 2088 1798 nihil
2115 1737 2392 1817 expedire
2424 1737 2588 1816 quod

503 1926 546 1975 1.
602 1920 653 1974 C.
683 1921 911 1973 Flavius
944 1922 1211 1985 Fimbria,
1266 1922 1457 1974 Consul
1560 1926 1753 1974 teresse
1788 1921 1952 1975 batte.
2012 1919 2132 1972 Hier
2167 1920 2276 1972 also
2312 1919 2588 1987 versprach

429 1993 529 2044 650
564 1991 727 2054 (104),
763 1990 940 2042 wurde
973 1990 1027 2041 in
1062 1990 1179 2042 dem
1213 1988 1457 2042 Tumulte
1557 1988 1628 2045 Μ.
1664 1990 1898 2042 Lutatius
1932 1988 2139 2041 Pinthia
2175 2004 2240 2040 zu
2276 1988 2476 2052 zahlen‚
2513 1988 2587 2040 im

428 2058 521 2112 des
558 2057 716 2109 Cinna
765 2058 1016 2124 getodtet.
1086 2058 1154 2109 Er
1188 2057 1457 2110 bekommt
1558 2057 1670 2110 Fau
1704 2073 1823 2109 man
1856 2057 1947 2109 ibn
1982 2057 2125 2108 nicht
2162 2056 2239 2108 als
2261 2056 2587 2108 Ehrenmann

427 2126 540 2178 hier
574 2126 673 2178 den
708 2125 987 2177 Beinamen
1023 2126 1325 2177 consularis
1366 2142 1457 2177 zur
1559 2126 1885 2178 anerkennen
1901 2124 2091 2177 warde.
2116 2123 2213 2176 Mit
2225 2123 2390 2176 Recht
2407 2124 2584 2176 lehnte

428 2193 871 2259 Untersebeidung
912 2208 1017 2245 von
1052 2194 1168 2246 dem
1204 2192 1457 2246 Marianer
1557 2194 1780 2245 Fimbria
1833 2193 1916 2246 ein
1968 2192 2166 2245 Urtheil
2221 2193 2286 2244 ab
2338 2193 2392 2244 in
2443 2191 2586 2244 einer

425 2261 665 2316 Fimbria.
718 2260 862 2315 Brut.
887 2264 970 2327 34,
1001 2264 1096 2315 129
1132 2264 1345 2314 habitus
1379 2267 1459 2314 est
1560 2260 1742 2327 Sache,
1778 2260 1861 2314 die
1895 2261 2038 2314 nieht
2072 2261 2125 2313 in
2151 2261 2251 2314 den
2274 2259 2422 2313 Kreis
2451 2260 2585 2313 rich-

425 2346 582 2396 sarw,
629 2336 693 2382 ut
735 2333 814 2381 ita
849 2331 1053 2397 dicam,
1101 2331 1455 2396 truculentus,
1559 2331 1797 2383 terlicher
1833 2329 2270 2396 Beurtheilungen
2305 2330 2533 2396 gehon-te.

428 2415 613 2466 asper,
682 2398 974 2451 maledicus
986 2438 1003 2465 ‚
1067 2415 1269 2465 genere
1340 2404 1454 2451 toto
1628 2403 1677 2454 7.
1730 2399 1990 2464 aliquem,
2041 2398 2220 2465 irgend
2255 2397 2424 2464 einer,
2472 2411 2584 2449 wer

423 2467 591 2534 paulo
625 2466 895 2529 fervidior
924 2472 1086 2533 atque
1121 2471 1454 2533 eom-metior,
1557 2482 1615 2519 es
1651 2468 1781 2520 auch
1817 2467 1928 2519 sein
1963 2481 2109 2532 mag,
2144 2465 2318 2518 wobei
2351 2481 2455 2519 von
2493 2465 2584 2517 der

427 2536 717 2601 diligentia
755 2541 929 2587 tamen
965 2541 1019 2587 et
1050 2539 1255 2587 virtute
1284 2538 1456 2587 animi
1557 2534 1784 2596 Qualitat
1831 2535 2123 2601 abgesehen
2168 2533 2315 2587 wird.
2384 2533 2405 2584 Ι
2445 2532 2479 2600 5
2517 2536 2580 2586 35

427 2608 586 2670 alque
638 2607 752 2655 vita
804 2606 973 2655 bonus
1028 2610 1219 2656 auctor
1269 2607 1330 2655 in
1375 2621 1455 2655 se-
1556 2603 1796 2670 aliquam
1817 2618 1931 2654 rem
1955 2603 2232 2670 publicam
2257 2603 2584 2654 haberemus.

425 2678 576 2724 natu.
647 2673 794 2723 Idem
844 2672 1141 2723 tolerabilis
1188 2678 1456 2739 patronus
1555 2670 1617 2723 111
1652 2672 1686 2739 ξ
1727 2675 1822 2726 118
1857 2670 2042 2737 aliquo
2076 2671 2253 2723 modo.
2465 2668 2480 2677 “

425 2756 524 2791 nee
576 2741 731 2792 rudis
774 2743 835 2791 in
879 2745 1001 2791 iure
1044 2741 1193 2792 civili
1238 2746 1292 2792 et
1333 2755 1455 2792 cum
1626 2743 1673 2793 9.
1709 2756 1821 2791 non
1855 2740 2014 2791 modo
2051 2739 2330 2791 Socrates.-
2366 2737 2400 2804 ξ
2434 2741 2510 2792 11.

426 2812 628 2860 virtute
671 2813 785 2859 tum
831 2810 998 2859 etiam
1029 2811 1148 2874 ipso
1184 2811 1455 2860 orationis
1630 2812 1707 2861 10.
1743 2824 1853 2859 non
1871 2808 2030 2859 modo
2041 2806 2256 2869 faeere.-
2289 2822 2400 2858 non
2421 2806 2582 2857 modo

419 2891 620 2940 genere
655 2876 806 2928 liber.
1556 2875 1639 2928 fiir
1671 2892 1781 2927 non
1817 2877 1974 2927 modo
2009 2891 2121 2926 non
2164 2874 2305 2926 kann
2354 2889 2448 2925 nur
2494 2889 2584 2940 ge-

496 2946 544 2998 3.
590 2946 927 3009 sponsionem
948 2942 1179 3005 fecisset.
1233 2942 1333 2994 Der
1355 2941 1455 2995 Be·
1556 2948 1673 3010 sagt
1694 2944 1919 3008 werden,
1951 2959 2100 2996 wenn
2126 2943 2258 2996 auch
2281 2942 2372 2994 der
2394 2941 2581 2995 zweite

426 3010 605 3077 klagte
639 3011 841 3063 maebte
866 3011 978 3065 sich
1002 3010 1302 3077 anheischig
1335 3010 1452 3063 eine
1557 3010 1679 3064 Satz
1725 3011 1934 3078 negativ
1978 3012 2073 3077 ist,
2121 3010 2271 3063 beide
2308 3009 2461 3063 Sfitze
2496 3010 2583 3062 ein

427 3078 637 3132 Summe
671 3095 736 3131 zu
770 3079 968 3146 zahlen‚
1003 3079 1075 3131 im
1099 3078 1210 3131 Fall
1246 3078 1329 3131 die
1355 3077 1454 3131 Be-
1555 3078 2092 3146 gemeinschaftliches
2126 3078 2365 3131 Priidicat
2409 3078 2583 3130 baben

425 3149 693 3215 hauptung
740 3147 831 3200 des
867 3146 1082 3214 Klagers
1126 3147 1312 3214 riehtig
1357 3148 1451 3204 sei.
1554 3148 1659 3200 und
1696 3146 1865 3199 dieses
1909 3146 1997 3199 bei
2044 3146 2161 3199 dem
2196 3147 2389 3199 letzten
2426 3144 2580 3198 Satze

423 3217 480 3270 Z.
507 3216 566 3269 Β.
600 3219 650 3267 si
683 3218 859 3282 homo,
894 3232 1000 3282 quo
1036 3217 1103 3268 de
1138 3219 1343 3282 agitur,
1380 3232 1451 3267 ex
1554 3216 1723 3281 steht,
1770 3215 1872 3267 wie
1908 3215 2018 3267 hier
2053 3215 2290 3266 audebit.
2358 3214 2502 3266 Doch
2538 3229 2582 3270 s,

421 3289 546 3336 iure
599 3284 896 3349 Quiritium
944 3300 1092 3336 meus
1144 3289 1247 3350 eet,
1303 3283 1461 3337 XXV
1554 3299 1598 3336 z.
1636 3283 1670 3350 ξ
1713 3287 1824 3337 105.

422 3368 668 3404 nummos
701 3353 832 3404 dare
865 3353 1130 3419 spondes?
1165 3380 1231 3391 -—-
1278 3352 1452 3419 Spon-
1629 3354 1705 3404 12.
1735 3353 1883 3404 Haec
1905 3367 2016 3403 non
2039 3355 2198 3417 turpe
2222 3355 2300 3401 est
2333 3354 2458 3404 cet.:
2495 3349 2581 3401 die

424 3421 520 3472 deo
533 3441 555 3485 ,-
605 3420 710 3472 und
762 3420 853 3473 auf
904 3420 1045 3473 diese
1099 3419 1275 3473 Weise
1328 3418 1451 3473 kam
1552 3420 1714 3486 Frage
1734 3418 1919 3472 driickt
1943 3418 2178 3486 zugleicb
2199 3418 2314 3471 eine
2329 3416 2582 3470 Verwun·

422 3488 559 3542 dann
594 3487 686 3540 das
721 3488 969 3555 fragliche
999 3487 1164 3540 Recbt
1199 3488 1450 3556 implicite
1554 3488 1752 3555 derung
1765 3504 1857 3541 aus
1873 3487 2001 3540 ‘dies
2016 3487 2170 3540 sollte
2183 3486 2326 3539 nicht
2337 3484 2582 3553 schimpf-

422 3574 513 3610 zur
531 3556 878 3609 Entscheidun
918 3596 931 3610 .
967 3555 1306 3609 &Mommsen
1324 3556 1449 3611 Exc.
1553 3555 1658 3608 lich
1687 3557 1844 3608 seinl’
1880 3555 2126 3608 wahrend
2160 3571 2339 3607 nonne
2375 3553 2580 3606 einfach

425 3642 491 3678 zu
524 3625 686 3677 Halm.
737 3624 840 3677 Cic.
924 3639 1018 3677 err.
1054 3623 1116 3677 V.
1186 3624 1289 3676 Das
1323 3622 1451 3676 Ver·
1553 3624 1637 3676 die
1672 3623 1943 3690 BeJahung
1977 3624 2235 3676 andeutet.

425 3693 603 3746 fabren
651 3689 779 3760 bin&
824 3707 1117 3745 zusammen
1171 3692 1266 3744 mit
1309 3692 1451 3744 einer
1625 3696 1703 3747 16.
1749 3695 1966 3744 micare.
2034 3691 2137 3744 Das
2166 3691 2301 3744 noch
2335 3691 2491 3743 heute
2524 3690 2589 3743 in·

424 3760 715 3815 Volkssitte
750 3760 841 3814 der
874 3760 1089 3827 Roma,
1137 3761 1221 3813 die
1254 3760 1325 3812 im
1361 3776 1452 3827 ge·
1552 3759 1733 3813 Italien
1766 3765 1915 3813 unter
1950 3758 2068 3812 dem
2105 3758 2301 3811 Namen
2338 3759 2393 3810 la
2423 3773 2580 3811 mora

425 3830 626 3882 meinen
660 3830 833 3882 Leben
862 3829 1091 3882 'viell'ach
1121 3827 1451 3897 Sponsionen
1552 3828 1759 3881 iibliehe
1796 3827 1938 3895 Spiel
1985 3827 2193 3880 besteht
2238 3827 2382 3879 darin
2396 3866 2411 3891 ‚
2459 3826 2579 3879 dass

426 3896 717 3962 einginsm,
754 3897 886 3949 auch
920 3898 1056 3949 ohne
1091 3897 1210 3950 dass
1238 3896 1328 3949 der
1351 3895 1450 3949 Ge·-
1551 3896 1700 3949 beide
1738 3895 2014 3963 Spielende
2049 3894 2289 3961 zngleieh
2324 3895 2441 3946 eine
2473 3894 2579 3945 An—

429 3963 680 4031 genstand
698 3964 967 4017 derselben
995 3965 1349 4018 richterlicbes
1371 3965 1456 4017 In—.
1551 3965 1668 4017 zahl
1704 3964 1889 4031 Finger
1936 3962 2267 4016 ausstrecken
2314 3962 2420 4015 und
2464 3963 2584 4029 eine
