2813 4537
790 288 876 344 DE
912 287 1176 344 omens
1212 288 1329 344 ΠΒ.
1355 288 1432 343 m.
1488 288 1630 345 CAP.
1656 291 1732 344 17.
1776 292 1853 345 18.
2280 286 2403 348 217

245 481 394 538 esse,
441 463 742 525 neminem
785 463 843 524 id
887 480 1061 542 agere
1100 471 1168 525 ut
1210 481 1283 524 ex
1327 462 1570 526 alterius
1614 463 1933 542 praedetur
1973 463 2224 526 inscitia.
2285 464 2407 526 Nec

243 549 362 610 ulla
413 547 710 628 pernicies
760 547 911 610 vitae
961 548 1152 609 maior
1190 548 1445 610 inveniri
1488 556 1685 629 potest
1728 566 1903 629 quam
1950 548 2013 610 in
2058 548 2277 611 malitia
2326 551 2407 612 si-

242 632 487 695 mulatio
530 632 986 714 intellegentiae,
1033 652 1105 695 ex
1147 652 1267 714 quo
1312 634 1424 695 ista
1465 633 1918 696 innumerabilia
1950 642 2298 710 nascuntur,
2342 643 2409 697 ut

243 717 406 780 utilia
458 736 594 779 cum
645 719 913 781 honestis
962 737 1232 799 pugnare
1272 718 1601 781 videantur.
1678 718 1911 802 Quotus
1953 719 2112 781 enim
2155 721 2408 801 quisque

165 813 199 866 5
240 804 575 885 reperietur
619 803 721 883 qui
766 803 1123 884 impunitate
1169 813 1229 865 et
1258 804 1634 886 ignoratione
1666 804 1932 867 omnium
1964 805 2270 885 proposita
2301 805 2406 866 ab·

243 889 465 952 stinere
495 888 683 970 possit
710 887 971 951 iniuria?
2065 925 2074 930 -

413 973 843 1049 Periclitemur,
875 974 925 1036 si
956 973 1169 1054 placet,
1203 983 1262 1036 et
1290 975 1353 1037 in
1385 975 1459 1037 iis
1488 976 1726 1055 quidem
1757 975 2059 1056 exemplis,
2092 974 2153 1036 in
2188 974 2404 1053 quibus
2438 979 2514 1036 18

244 1060 480 1141 peccari
521 1059 729 1140 volgus
757 1059 1068 1121 hominum
1098 1059 1348 1122 fortasse
1379 1078 1504 1121 non
1537 1067 1725 1141 putet.
1795 1060 2002 1140 Neque
2031 1060 2191 1122 enim
2223 1061 2295 1122 de
2324 1061 2405 1123 si·
2450 1059 2511 1110 73

245 1146 418 1208 cariis
437 1144 734 1220 veneficis,
757 1144 1214 1208 testamentariis
1244 1146 1477 1208 furibus
1506 1146 1950 1226 peculatoribus
1978 1146 2094 1207 hoc
2121 1146 2255 1207 loco
2286 1146 2407 1208 dis·

130 1237 199 1292 1⁰
243 1231 563 1293 serendum
608 1237 716 1303 est,
763 1229 866 1309 qui
908 1248 1032 1292 non
1079 1231 1274 1294 verbis
1314 1238 1457 1293 sunt
1502 1239 1561 1292 et
1591 1229 1991 1313 disputatione
2020 1231 2406 1312 philosopho-

244 1334 396 1391 rum,
427 1316 533 1378 sed
555 1314 765 1379 vinclis
789 1322 848 1376 et
869 1333 1108 1377 carcere
1133 1315 1446 1398 fatigandi,
1467 1316 1568 1378 sed
1591 1316 1737 1378 haec
1759 1315 2224 1392 consideremus,
2257 1334 2407 1396 quae

246 1401 472 1463 faciunt
518 1399 577 1476 ii,
624 1399 724 1480 qui
770 1401 1066 1462 habentur
1093 1401 1257 1463 boni.
1330 1401 1397 1463 L.
1429 1400 1673 1463 Minucii
1703 1399 1897 1475 Basili,
1944 1400 2257 1481 locupletis
2297 1402 2407 1464 ho-

243 1486 441 1561 minis,
479 1487 692 1548 falsum
720 1492 1142 1550 testamentum
1173 1487 1412 1567 quidam
1444 1505 1476 1548 e
1508 1485 1753 1549 Graecia
1781 1485 2029 1548 Romam
2060 1486 2408 1549 attulerunt.

246 1571 421 1644 Quod
446 1588 565 1651 quo
588 1570 818 1634 facilius
839 1572 1202 1648 obtinerent,
1234 1573 1607 1654 scripserunt
1625 1572 1875 1634 heredes
1896 1590 2098 1633 secum
2128 1572 2207 1633 Μ.
2238 1572 2408 1633 Cras-

133 1663 198 1719 15
244 1675 378 1720 sum
423 1664 482 1718 et
513 1657 584 1728 Q.
615 1655 1023 1732 Hortensium,
1069 1657 1343 1720 homines
1364 1657 1649 1719 eiusdem
1689 1657 1896 1719 aetatis
1931 1657 2407 1737 potentissimos:

246 1742 349 1823 qui
392 1760 530 1804 cum
572 1741 715 1804 illud
762 1741 975 1804 falsum
1019 1760 1147 1804 esse
1185 1742 1649 1823 suspicarentur,
1693 1741 1804 1803 sibi
1834 1748 2032 1802 autem
2064 1741 2285 1804 nullius
2315 1761 2408 1804 es-

244 1835 380 1890 sent
409 1827 635 1889 conscii
665 1827 893 1907 culpae,
934 1826 1112 1889 alieni
1142 1827 1424 1889 facinoris
1452 1825 1876 1889 munusculum
1907 1844 2029 1887 non
2060 1827 2409 1906 repudiave-

243 1920 406 1975 runt.
480 1912 633 1984 Quid
678 1910 867 1992 ergo?
919 1912 1085 1974 satin>
1119 1919 1208 1975 est
1250 1915 1385 1988 hoc,
1430 1920 1498 1973 ut
1542 1930 1667 1975 non
1710 1910 2025 1991 deliquisse
2054 1908 2409 1973 videantur?

243 1998 388 2060 Mihi
433 1997 670 2078 quidem
718 2016 840 2059 non
885 1997 1134 2075 videtur,
1181 2016 1539 2078 quamquam
1571 1996 1820 2059 alterum
1850 1996 2047 2058 vivum
2077 1997 2279 2072 amavi,
2324 1996 2410 2057 al-

319 2135 367 2186 3.
404 2130 771 2197 intellegentia
804 2130 873 2184 ist
904 2131 956 2184 in
981 2131 1279 2185 demselben
1384 2130 1622 2184 Rednem
1658 2131 1781 2184 oder
1811 2129 2002 2183 machti
2041 2144 2103 2182 en
2127 2130 2321 2182 Leuten
2346 2145 2411 2182 zu

249 2197 410 2252 Sinne
447 2203 628 2266 gesagt
666 2199 766 2252 wie
802 2199 836 2267 ἃ
873 2202 939 2254 62
976 2203 1279 2268 sapientia3
1382 2198 1680 2253 verbinden.
1751 2197 1870 2266 Vgl.
1914 2215 1963 2267 p.
2040 2237 2053 2252 .
2090 2196 2280 2250 Roscio
2329 2198 2412 2250 die

244 2266 966 2387 prffi‘fflffigffrffissdssffic‘
989 2285 1173 2338 wegen
1191 2268 1282 2322 der
1383 2266 1717 2336 Verbindung
1752 2267 1842 2323 der
1877 2265 2089 2322 Roscier
2122 2265 2217 2321 mit
2251 2266 2414 2336 Chry-

249 2352 314 2389 au
767 2351 817 2387 m
844 2352 946 2389 ion.
1383 2351 1442 2389 so
1483 2352 1627 2389 onus,

318 2350 425 2455 ἀξια
458 2404 898 2469 innumerabilia,
927 2404 1052 2469 ,iene
1088 2404 1280 2457 unziih-
1446 2351 1535 2457 g1³¹1.
1572 2404 1741 2456 alieni
1762 2401 1870 2465 fac.
1908 2417 2149 2454 manusc.
2184 2418 2295 2454 non
2329 2420 2413 2454 re-

247 2472 389 2539 ligen
425 2469 581 2523 Falle.
1377 2472 1749 2538 pudiaverunt
1816 2470 1892 2522 sie
1928 2470 2124 2524 wiesen
2161 2469 2252 2523 das
2289 2469 2412 2523 Pro-

320 2543 368 2593 7.
412 2538 787 2592 periclitemur
835 2539 1050 2592 macheu
1076 2539 1173 2592 wir
1196 2540 1278 2593 die
1382 2538 1574 2593 fitchen
1612 2555 1704 2592 aus
1740 2509 1856 2591 <iem
1891 2536 2218 2591 Verbi-echon
2268 2537 2414 2592 eines

250 2606 434 2662 Probe.
480 2607 544 2660 de
581 2606 682 2659 div.
719 2606 760 2658 ll
797 2609 881 2673 46,
918 2609 983 2660 97
1022 2608 1279 2673 quadrin-
1382 2607 1573 2660 andern
1611 2605 1753 2660 nicht
1787 2621 1889 2659 von
1927 2605 2016 2658 der
2050 2606 2212 2660 Hand.

124 2680 132 2687 ’
246 2681 416 2744 genta
447 2678 794 2743 septuaginta
830 2675 983 2727 milia
1008 2691 1279 2728 annorum

247 2748 309 2796 in
333 2743 810 2812 periclitandis
833 2743 1280 2812 experiendisque

285 2816 434 2864 iteris
465 2842 535 2850 —
569 2811 904 2879 Babylonios
933 2815 1190 2880 posuisse.
1210 2841 1279 2851 —

243 2829 370 2934 fiier
414 2895 556 2933 muss
600 2895 718 2933 man
765 2879 842 2933 als
880 2879 1066 2947 Object
1101 2882 1281 2948 ergan-

248 2964 346 3001 zen
381 2952 661 3000 veritatem
696 2949 857 3000 huius
889 2951 1202 3002 sententiae.

320 3018 369 3070 9.
413 3020 848 3069 testamentarius
878 3017 1041 3071 heisst
1084 3018 1282 3085 cigent-

250 3083 354 3138 lich
370 3085 537 3151 jeder,
567 3084 656 3137 der
677 3084 759 3137 ein
771 3083 1072 3139 Testament
1089 3085 1279 3152 macht,

249 3151 361 3206 hier
373 3152 478 3218 der,
495 3152 1058 3208 welcher'l'estamente
1073 3153 1278 3210 salscht.

324 3224 402 3274 11.
448 3219 750 3286 fatigandi,
799 3225 1006 3275 mussen
1051 3222 1280 3289 heimge-

250 3287 421 3353 sucht,
437 3287 618 3339 murbe
636 3289 875 3354 gemacht
893 3289 1114 3343 werden.
1145 3290 1278 3345 Non.

251 3372 301 3425 p.
323 3358 424 3409 310
461 3353 652 3407 erklart
682 3354 792 3408 dies
822 3355 981 3409 durch
1017 3360 1281 3426 cohibere,

254 3426 516 3477 coercere.

327 3495 404 3547 12.
426 3491 485 3544 L.
505 3490 783 3543 Minucius
797 3490 1013 3543 Basilus
1045 3492 1114 3545 ist
1137 3493 1280 3546 nicht

251 3560 436 3613 weiter
480 3558 724 3613 bekannt.
795 3557 1071 3613 Vielleicht
1120 3560 1191 3613 ist
1226 3575 1283 3614 er

250 3628 513 3693 derselbe‚
568 3627 658 3680 der
711 3625 883 3680 Sullas
933 3627 1093 3695 Legat
1145 3644 1278 3692 wal-3

254 3695 389 3750 Plut.
427 3695 555 3751 Sull.
592 3698 641 3750 9.

326 3767 404 3819 14.
438 3768 773 3832 scripserunt
805 3763 1036 3815 heredes.
1084 3762 1152 3816 Es
1172 3778 1283 3816 war

251 3833 336 3888 ein
373 3832 759 3900 gewohnliches
788 3830 1036 3885 Manover
1071 3831 1160 3885 der
1183 3830 1282 3884 Te·

251 3900 740 3966 stamentssslscher,
785 3900 898 3953 sich
931 3915 1022 3952 zur
1054 3898 1282 3952 Ausffih-

249 3984 384 4039 rung
400 3969 537 4023 ihtes
557 3968 860 4023 Vorbabens
885 3967 980 4022 mit
998 3967 1280 4035 geseierten

1458 2678 1533 2728 18.
1586 2678 1734 2728 satin
1771 2680 1848 2726 eei
1880 2675 1982 2726 hoc
2015 2679 2078 2725 ut
2112 2702 2155 2712 -
2194 2674 2413 2726 videan-

1383 2747 1511 2795 tur?
1546 2746 1741 2810 genugt
1776 2742 1905 2807 dica,
1939 2743 2016 2795 sie
2038 2757 2144 2795 von
2168 2741 2284 2794 dem
2307 2743 2411 2794 An-

1382 2811 1590 2864 scheine
1615 2810 1707 2863 des
1726 2809 2025 2877 Vergehens
2056 2826 2121 2862 zu
2145 2809 2372 2863 besteien
2386 2813 2414 2862 ξ’

1456 2882 1536 2935 19.
1574 2879 1808 2931 alterum
1850 2881 2032 2930 vivum
2057 2882 2264 2944 amavi,
2310 2879 2411 2932 den

1381 2947 1702 3002 Hortensius.
1774 2945 1826 3000 S.
1864 2945 1904 2999 11
1948 2946 1981 3014 ς
2017 2950 2099 3001 57.
2171 2945 2287 2999 Von
2321 2947 2412 2999 der

1380 3015 1753 3069 Freundschaft
1777 3014 1982 3068 Ciceros
2018 3031 2082 3069 zu
2117 3015 2222 3066 ihm
2257 3021 2412 3082 zeugt

1382 3089 1534 3137 unter
1582 3083 1848 3150 auderem,
1898 3083 2015 3137 dass
2052 3098 2108 3135 er
2140 3083 2247 3135 ihm
2295 3083 2411 3135 eine
2518 3124 2526 3133 .

1383 3151 1578 3205 Schrift
1625 3151 1897 3216 dedicirte,
1944 3151 2050 3204 und
2097 3151 2409 3204 namentlich

1382 3221 1514 3274 auch
1549 3220 1602 3272 in
1636 3219 1726 3273 der
1747 3218 2046 3285 Einleitung
2080 3233 2196 3271 zum
2220 3217 2413 3272 Brutus

1382 3289 1468 3341 ein
1504 3287 1828 3341 ehrenvolles
1863 3285 2113 3340 Denkmal
2149 3290 2329 3340 setzte.

1452 3356 1684 3408 alternam
1706 3372 1817 3409 non
1843 3357 1936 3407 odi
1956 3361 2244 3408 mortuum.
2281 3354 2413 3408 Dass

1385 3424 1487 3478 Cic.
1512 3424 1725 3477 Crassus
1746 3423 1887 3477 wohl
1914 3424 2056 3476 nicht
2080 3423 2215 3477 ohne
2236 3421 2411 3476 Grund

1384 3492 1475 3545 der
1508 3491 1969 3546 Mitwissenschaft
2012 3507 2077 3545 an
2112 3491 2203 3545 der
2237 3490 2412 3544 Catili-

1385 3560 1653 3614 narischen
1707 3559 2122 3627 verschworung
2172 3558 2412 3612 beschul-

1384 3628 1497 3696 digt
1538 3629 1684 3682 hatte
1733 3627 1892 3694 (Plut.
1941 3628 2104 3681 Crass.
2147 3631 2234 3694 13,
2283 3625 2408 3681 Sall.

1385 3696 1493 3750 Cat.
1526 3698 1615 3763 48)
1652 3712 1762 3749 war
1795 3696 1886 3749 der
1908 3695 2083 3749 Grund
2117 3695 2207 3748 der
2229 3694 2411 3747 Feind-

1384 3763 1569 3818 schaft.
1609 3763 1749 3817 Dazu
1774 3763 1910 3830 kam,
1935 3764 2054 3817 dass
2078 3763 2291 3816 Crassus
2313 3763 2410 3814 mit

1383 3832 1594 3885 Clodius
1618 3832 1922 3886 berreundet
1939 3846 2063 3898 war,
2086 3831 2270 3884 dessen
2285 3829 2413 3883 Ver-

1382 3900 1680 3968 urtheilung
1714 3915 1770 3952 er
1790 3900 2086 3953 verhindert
2108 3900 2268 3965 hatte,
2303 3898 2408 3951 und

1382 3968 1493 4021 sich
1525 3968 1698 4022 weder
1722 3968 1925 4023 Ciceros
1946 3967 2293 4034 Verbannung
2316 3967 2412 4018 wi-
