2813 4537
868 306 952 359 DE
989 303 1249 360 OFFICIIS
1285 305 1403 360 LIB.
1425 306 1458 359 1.
1532 305 1673 360 CAP.
1697 310 1778 361 30.
2329 303 2404 366 91

253 489 395 543 sunt
423 512 510 526 —-—
539 479 685 541 alios
716 478 980 541 videmus
1009 480 1317 542 velocitate
1346 481 1419 542 ad
1450 498 1722 556 cursum,
1755 480 1903 543 alios
1931 480 2154 543 viribus
2182 482 2253 543 ad
2284 480 2415 543 luc-

252 567 495 629 tandum
539 562 759 641 valere,
801 563 1060 663 itemque
1097 565 1416 664 'in-formis
1456 566 1585 628 aliis
1625 565 1969 665 dignitatem
2011 567 2238 665 inesse,
2286 567 2417 629 aliis

251 659 620 714 venustatem
664 685 748 696 -
779 669 865 712 sic
908 669 968 712 m
1014 669 1226 713 animls
1270 659 1528 713 existunt
1570 669 1826 714 maiores
1869 663 2042 714 etiam
2086 660 2412 714 ranetates.

256 738 396 800 Erat
424 737 484 798 in
516 736 582 798 L.
616 736 858 810 Crasso,
889 736 952 797 in
985 736 1052 797 L.
1085 735 1361 818 Philippo
1394 737 1617 800 multus
1644 736 1830 819 lepoS‚
1870 737 2058 800 maior
2085 738 2263 800 etiam
2293 755 2416 799 ma·
2434 745 2519 797 108

254 823 466 904 gisque
494 824 570 884 de
596 821 885 885 industria
916 822 977 884 in
1012 822 1075 884 C.
1108 821 1355 885 Caesare
1386 822 1454 887 L.
1485 822 1587 884 R:
1631 831 1690 885 at
1729 822 1915 886 isdem
1952 823 2325 904 temporibus
2352 824 2413 885 in

254 908 333 970 Μ.
377 907 601 971 Scauro
646 917 706 969 et
746 907 809 969 in
855 907 934 969 M.
979 906 1172 970 Druso
1214 908 1592 970 adulescente
1634 907 1953 988 singularis
1996 907 2303 984 severitas,
2350 909 2412 970 in

254 994 318 1056 C.
350 993 550 1056 Laelio
579 994 763 1056 multa
805 992 1098 1069 hilaritas,
1135 993 1198 1055 in
1231 993 1359 1057 eius
1400 992 1671 1056 familiari
1704 993 1985 1075 Scipione
2015 993 2257 1056 ambitio
2289 1012 2417 1056 ma-

252 1079 376 1154 ior,
407 1080 520 1141 vita
548 1079 792 1142 tristior.
852 1078 937 1140 De
968 1077 1209 1140 Graecis
1235 1087 1433 1141 autem
1462 1079 1693 1140 dulcem
1725 1087 1787 1140 et
1814 1079 2071 1141 facetum
2100 1078 2415 1160 festivique

320 1268 369 1318 4.
424 1261 489 1318 L.
511 1264 761 1318 Licinius
788 1263 1022 1328 Orassus,
1071 1264 1189 1331 geb.
1210 1264 1281 1315 im

253 1332 301 1386 J.
321 1336 423 1386 614
443 1336 462 1398 (
467 1335 601 1399 140),
639 1332 829 1386 Consul
844 1352 849 1356 ’
867 1334 968 1385 659
986 1334 1112 1398 (95),
1148 1336 1279 1399 gest.

256 1405 355 1455 663
375 1402 503 1467 (91),
537 1402 629 1455 der
652 1404 855 1469 grosste
879 1399 1082 1453 Redner
1116 1401 1283 1454 seiner

255 1470 384 1535 Zeit,
416 1469 532 1522 dem
562 1470 738 1524 darum
759 1470 912 1522 nebst
940 1467 1008 1521 M.
1026 1469 1283 1522 Antonius

255 1538 339 1591 die
374 1537 675 1606 Hauptrolle
723 1538 775 1589 in
813 1537 911 1590 den
947 1536 1182 1589 Biichem
1220 1536 1283 1589 de
1316 1545 1319 1548 ’

257 1611 385 1660 orat.
423 1607 708 1673 zugetheilt
743 1605 827 1659 ist.
881 1604 1023 1658 Brut.
1063 1608 1144 1672 38,
1186 1607 1283 1658 143

259 1680 379 1728 erat
418 1690 627 1727 summa
664 1678 943 1741 gravitas,
996 1680 1117 1726 erat
1166 1689 1286 1725 cum

251 1747 530 1811 gravitate
580 1747 799 1795 iunctus
853 1741 1178 1804 facetiarum
1237 1747 1289 1793 et

254 1814 586 1865 urbanitatis
612 1813 905 1876 oratorius,
937 1825 1049 1862 non
1070 1810 1288 1862 scurilis

259 1882 416 1948 lepos.
441 1879 560 1948 Vgl.
579 1880 643 1934 de
663 1896 734 1933 or.
754 1879 796 1932 11
809 1882 891 1946 54,
904 1881 1003 1932 220
1022 1889 1132 1931 non
1144 1882 1287 1930 enim

256 1949 376 2012 fere
410 1952 694 2016 quisquam
728 1951 1030 2017 reperietur
1069 1953 1288 2015 praeter

258 2020 403 2071 hunc
424 2017 704 2082 (Crassum)
739 2022 798 2068 in
828 2022 1060 2082 utroque
1088 2031 1288 2082 genere

260 2087 460 2154 leporis
495 2086 782 2151 cancellans,
828 2090 882 2136 et
913 2085 1010 2137 illo
1048 2084 1193 2151 quod
1223 2088 1285 2136 in

253 2157 616 2222 perpetuitate
636 2156 914 2218 sermonis,
941 2158 992 2204 et
1015 2156 1115 2206 hoc
1143 2154 1287 2219 quod

204 2223 213 2231 ’
259 2228 322 2276 in
359 2223 633 2276 eeleritate
668 2228 828 2290 atque
863 2222 1007 2276 dicto
1046 2227 1140 2275 est.

329 2293 391 2344 L.
412 2292 653 2344 Marcius
670 2292 965 2359 Philippus,
1009 2291 1200 2344 Consul
1217 2290 1288 2342 im

259 2360 309 2415 J.
345 2364 445 2416 663
466 2363 590 2428 (91).
639 2359 782 2413 Brut.
820 2362 904 2425 47,
944 2363 1040 2413 173
1081 2361 1289 2411 duobus

260 2433 437 2498 igitur
466 2432 702 2494 summis,
739 2427 928 2479 Crasso
953 2433 1005 2479 et
1025 2429 1284 2493 Antonio,

261 2499 322 2550 L.
360 2497 639 2565 Philippus
670 2498 958 2563 promimus
993 2495 1289 2561 accedebat,

259 2567 357 2618 sed
379 2564 853 2633 longc·intervallo
891 2569 1066 2615 tamen
1098 2567 1292 2631 prosei-

262 2650 383 2687 mus
400 2663 444 2672 --
460 2648 669 2685 summa
698 2634 916 2684 libertas
943 2636 1004 2683 in
1024 2634 1291 2696 oratione,

262 2704 463 2755 multae
513 2702 772 2767 facetiae,
825 2704 958 2753 satis
1011 2701 1196 2752 creber
1230 2702 1290 2752 in

261 2772 619 2840 reperiendis,
642 2771 848 2822 solutus
871 2773 930 2821 in
956 2768 1294 2835 explicandis

263 2843 555 2905 sententiis,
586 2844 710 2890 erat
731 2842 894 2890 etiam
917 2839 1197 2905 inprimis,
1231 2842 1294 2888 ut

264 2911 590 2976 temporibus
635 2908 774 2974 illis,
835 2906 1053 2959 Graecis
1096 2905 1296 2957 doctri-

264 2980 353 3029 nis
386 2979 692 3042 institutus,
726 2979 787 3027 in
824 2974 1135 3027 altercando
1173 2989 1293 3025 cum

264 3046 447 3113 aliquo
506 3045 693 3097 aculeo
753 3049 806 3096 et
861 3043 1148 3095 maledicto
1210 3040 1296 3103 fa·

263 3120 425 3168 cetus.

334 3188 383 3238 5.
420 3182 487 3234 de
517 3182 817 3245 industria,
862 3178 1185 3232 absichtlich.

338 3250 392 3303 C.
413 3249 586 3301 Iulius
611 3249 808 3301 Caesar
825 3248 1038 3313 Straba,
1061 3248 1157 3300 mit
1177 3247 1293 3299 dem

262 3319 544 3376 Beinamen
571 3315 827 3383 Vopiscus
862 3315 986 3368 oder
1020 3314 1296 3382 Sesquicu·

266 3388 375 3450 lus,
411 3382 561 3437 Aedil
584 3384 655 3435 im
679 3382 727 3435 J.
747 3385 847 3436 664
866 3384 992 3450 (90),
1028 3383 1206 3436 wurde
1242 3383 1295 3436 in

267 3456 357 3508 der
370 3452 572 3507 Proscri
611 3451 720 3505 tion
733 3450 825 3503 des
837 3449 1028 3504 Marius
1041 3451 1294 3517 getodtet‚
1322 3506 1327 3511 ,

265 3539 308 3577 s.
345 3523 379 3590 5
402 3524 524 3584 133;
597 3535 627 3572 e
651 3533 723 3572 or.
746 3518 808 3571 m
833 3522 880 3586 3,
906 3522 983 3572 10.
1032 3519 1139 3571 lhm
1167 3519 1294 3571 wird

268 3591 351 3644 die
386 3588 732 3654 Abhandlung
763 3588 893 3640 uber
926 3586 1024 3639 den
1058 3585 1196 3640 Witz
1231 3587 1295 3640 de

269 3663 397 3713 orat.
419 3659 462 3711 11
486 3675 529 3712 c.
557 3661 623 3712 54
642 3654 694 3709 ff.
719 3655 772 3709 in
797 3655 897 3708 den
920 3653 1080 3708 Mund
1104 3655 1293 3722 gelegt.

266 3728 408 3781 Brut.
429 3729 511 3792 48,
539 3729 632 3781 177
668 3724 963 3787 festivitate
999 3730 1049 3777 et
1078 3724 1298 3787 facetiis

268 3797 322 3850 C.
361 3795 532 3848 Iulius
565 3794 626 3847 L.
660 3794 727 3846 F.
767 3799 820 3845 et
849 3794 1221 3860 superioribus
1244 3798 1297 3844 et

267 3864 579 3930 aequalibus
606 3866 720 3913 suis
746 3864 992 3914 omnibus
1005 3864 1296 3928 praestilit,

268 3937 558 3998 oratos-que
578 3928 693 3992 fuit
711 3932 934 3981 minime
964 3929 1057 3981 ille
1080 3929 1295 3997 quidem

267 4004 566 4066 vehemens,
601 4000 695 4050 sed
726 4014 881 4050 nemo
915 4014 1169 4066 umquam
1202 4014 1295 4050 ur-

1384 1265 1639 1328 banitate,
1673 1277 1824 1314 nemo
1864 1263 2066 1330 lepore,
2103 1279 2257 1315 nemo
2294 1279 2417 1315 sua-

1383 1335 1551 1384 vitate
1585 1332 1874 1384 conditior.

1454 1401 1621 1452 isdem
1658 1401 1987 1467 temporibus
2038 1399 2108 1454 ist
2144 1400 2235 1451 auf
2266 1400 2417 1452 einen

1387 1473 1554 1521 etwas
1604 1472 1874 1536 grosseren
1912 1467 2169 1520 Zeitraum
2219 1484 2283 1530 zu
2330 1467 2425 1519 he··

1389 1537 1598 1600 ziehen,
1648 1536 1713 1589 da
1751 1535 1974 1589 Scaurus
2009 1534 2199 1589 Bliithe
2245 1536 2301 1589 in
2336 1537 2418 1588 ein

1385 1604 1418 1658 J
1424 1605 1672 1658 ahrzehnt
1721 1604 1895 1657 frither
1929 1603 2045 1656 fallt
2091 1604 2168 1657 als
2212 1604 2294 1657 die
2331 1604 2421 1657 der

1389 1677 1708 1741 gentianum,
1742 1672 1849 1725 und
1884 1687 1939 1725 er
1972 1672 2058 1741 bei
2080 1671 2275 1726 Drusus
2293 1672 2421 1725 Auf-

1391 1746 1557 1795 treten
1594 1740 1755 1793 schon
1791 1740 1905 1793 todt
1941 1748 2063 1793 wa'r.

1459 1814 1507 1864 6.
1544 1808 1617 1862 Μ.
1653 1808 1925 1861 Scaurus:
1960 1808 1994 1875 5
2016 1811 2099 1861 76.
2154 1806 2296 1860 Brut.
2335 1809 2420 1872 29,

1393 1882 1489 1932 111
1527 1881 1587 1928 in
1624 1877 1822 1929 Scauri
1856 1880 2127 1940 oratione,
2161 1878 2420 1941 sapientis

1390 1949 1625 1999 hominis
1658 1951 1712 1997 et
1741 1949 1903 2010 recti,
1934 1946 2181 2011 gravitas
2213 1957 2419 1995 summa
2531 1946 2544 1950 ⁰

1391 2021 1445 2067 et
1460 2014 1731 2068 naturalis
1753 2014 2015 2081 quaedam
2036 2016 2220 2064 inerat
2236 2016 2419 2064 aucto-

1385 2087 1538 2148 ritas,
1573 2099 1684 2135 non
1705 2088 1772 2135 ut
1794 2097 2026 2148 causam,
2064 2081 2161 2132 sed
2186 2085 2251 2131 ut
2272 2083 2415 2132 testi-

1386 2155 1628 2205 monium
1664 2152 1841 2203 dicere
1867 2156 2125 2218 putares,
2161 2164 2281 2201 eum
2313 2164 2417 2216 pro

1386 2238 1481 2274 reo
1519 2221 1737 2274 diceret.

1458 2289 1531 2342 M.
1566 2290 1757 2341 Livius
1789 2289 2017 2340 Drusus.
2097 2286 2197 2339 Der
2232 2285 2419 2339 Zusatz

1391 2359 1703 2411 adulescens
1737 2357 1893 2423 zeigt,
1928 2355 2048 2408 dass
2080 2354 2171 2407 der
2198 2356 2421 2421 jungere

1393 2427 1563 2479 dieses
1598 2426 1821 2478 Namens
1858 2424 2085 2491 gemeint
2115 2422 2202 2475 ist.
2275 2422 2417 2475 Brut.

1392 2498 1476 2559 62,
1496 2496 1596 2547 222
1632 2493 1705 2547 Μ.
1729 2494 1969 2547 Drusum
1987 2521 2029 2531 -
2046 2507 2270 2557 gravem
2301 2506 2423 2541 ora-

1392 2568 1581 2627 torem,
1616 2565 1699 2613 ita
1735 2561 2024 2613 dumtaxat
2037 2597 2053 2626 ,
2108 2575 2228 2610 eum
2264 2560 2329 2611 de
2362 2575 2423 2609 re

1389 2631 1612 2698 publica
1643 2631 1858 2695 dicensi.
1909 2628 1978 2680 Er
2008 2627 2188 2681 suchte
2216 2626 2293 2680 als
2314 2625 2424 2677 Tri-

1396 2701 1501 2753 bun
1526 2698 1599 2751 im
1626 2697 1675 2751 J.
1695 2700 1794 2752 663
1817 2698 1926 2762 (91)
1950 2694 2245 2762 vergeblich
2264 2694 2424 2747 durch

1392 2766 1756 2820 vermittelnde
1790 2764 2124 2831 Vorschliige,
2160 2763 2261 2816 wie
2296 2760 2424 2815 Ver·
2455 2812 2458 2821 j

1395 2836 1631 2902 theilung
1644 2835 1733 2888 der
1742 2833 1979 2887 Gerlchte
1990 2832 2253 2885 zwischen
2263 2830 2423 2883 Senat

1394 2904 1502 2957 und
1524 2903 1723 2957 Rittern
1777 2901 2121 2968 Aussendung
2145 2916 2248 2953 von
2274 2899 2424 2953 Colo-

1395 2943 1915 3093 22012122'1221125h12225.
1928 2967 2425 3091 antistatae?

1394 3109 1533 3161 teien
1586 3124 1651 3161 zu
1703 3079 2019 3171 vesssohnen,
2087 3104 2192 3158 und
2247 3103 2423 3157 wurde

1396 3175 1667 3242 ermordet,
1704 3175 1767 3228 da
1805 3188 1859 3226 er
1893 3174 2005 3226 sich
2040 3172 2135 3225 mit
2169 3172 2267 3224 den
2287 3170 2425 3225 Bun-

1395 3245 1747 3312 desgenossen
1778 3242 1831 3293 in
1852 3241 2085 3308 gebeime
2104 3238 2425 3293 Unterhand-

1397 3313 1592 3380 langen
1627 3310 1952 3378 eingelassen
1991 3309 2147 3361 hatte.

1469 3384 1517 3435 7.
1558 3379 1611 3433 0.
1646 3379 1898 3431 Laelius:
1933 3393 1977 3432 z.
2015 3378 2149 3444 §⁹0-

1468 3451 1724 3514 ambitio,
1805 3444 2425 3515 Menschengefalligkeit‚

1398 3516 1870 3571 Rucksiehtnahme
1906 3529 2071 3583 gegen
2105 3513 2292 3567 Andre.
2362 3512 2426 3566 ad

1396 3586 1494 3648 Qu.
1530 3585 1591 3640 fr.
1626 3584 1647 3637 1
1691 3587 1731 3652 l,
1760 3588 1817 3638 11
1851 3585 2178 3651 praesertim
2214 3597 2334 3634 cum
2370 3583 2428 3632 Ιιι·

1395 3670 1573 3707 mores
1643 3658 1853 3706 tantum
1915 3655 2028 3703 iam
2079 3651 2153 3702 ad
2201 3653 2426 3702 nimiam

1401 3724 1681 3776 lenitatem
1716 3726 1768 3773 et
1802 3721 1875 3773 ad
1909 3721 2253 3772 ambitionem
2274 3722 2427 3771 incu-

1398 3786 1630 3844 buerint.
1666 3790 1731 3843 ad
1756 3789 1876 3841 fam.
1892 3788 2002 3841 xm
2021 3793 2070 3854 5,
2086 3791 2111 3840 1
2139 3786 2282 3840 Nam
2306 3802 2428 3839 cum

1397 3860 1561 3911 multi
1609 3875 1644 3910 a
1688 3873 1773 3909 me
1817 3862 2015 3924 petant
2058 3856 2260 3923 multa,
2316 3871 2425 3907 non

1399 3930 1689 3992 committo,
1724 3930 1788 3976 ut
1823 3927 2113 3976 ambitione
2149 3940 2268 3976 mea
2303 3938 2428 3975 oon-

1400 3998 1606 4049 turbem
1642 3994 1886 4057 officium
1922 3998 2090 4044 tuum.
