2813 4537
419 267 547 332 226
1023 269 1108 324 m:
1143 268 1406 325 omens
1441 269 1560 324 Lm.
1577 269 1657 324 111.
1725 269 1869 323 CAP.
1889 272 1973 324 22.

332 511 339 517 ,
422 445 570 507 Cum
612 443 774 506 enim
817 461 922 505 rex
948 441 1214 525 Pyrrhus
1253 441 1477 524 populo
1509 441 1778 504 Romano
1819 442 2042 503 bellum
2070 442 2227 504 ultro
2258 442 2582 521 intulisset,

422 548 675 609 cumque
698 530 770 591 de
794 529 1044 610 imperio
1065 535 1365 591 certamen
1391 535 1548 590 esset
1569 545 1706 589 cum
1727 545 1868 607 rege
1897 546 2190 608 generoso
2220 546 2289 590 ac
2319 531 2581 611 potenti,

388 689 393 696 ι
420 616 668 696 perfuga
691 614 764 677 ab
788 632 859 675 eo
881 614 1044 676 venit
1064 615 1127 676 in
1152 621 1343 677 castra
1365 612 1620 674 Fabricii
1649 611 1824 692 eique
1854 621 1945 675 est
1971 612 2287 692 pollicitus,
2317 615 2368 676 si
2395 633 2579 694 prae-

419 700 607 762 mium
641 698 752 762 sibi
781 699 1209 780 proposuisset,
1253 717 1336 774 se,
1379 705 1449 759 ut
1475 698 1627 759 clam
1653 698 1928 774 venisset,
1969 699 2056 761 sic
2085 699 2238 760 clam
2266 699 2331 760 in
2360 700 2583 781 Pyrrhi

420 793 610 848 castra
653 785 983 848 rediturum
1018 792 1077 847 et
1106 803 1243 847 eum
1271 802 1502 846 veneno
1533 790 1904 846 necaturum.
1934 783 2111 845 Hunc
2139 784 2449 848 Fabricius
2477 804 2582 847 re-

419 872 761 933 ducendum
794 870 1020 932 curavit
1046 871 1119 932 ad
1147 870 1443 951 Pyrrhum
1471 868 1650 947 idque
1680 868 1808 932 eius
1836 870 2057 931 factum
2085 870 2387 934 laudatum
2415 890 2449 932 a
2475 890 2581 933 se-

421 964 565 1018 natu
605 964 713 1019 est.
785 957 965 1035 Atqui
1002 955 1057 1018 si
1093 955 1354 1036 speciem
1398 953 1666 1017 utilitatis
1706 954 2170 1035 opinionemque
2211 955 2579 1035 quaerimus,

420 1059 703 1123 magnum
725 1041 865 1103 illud
891 1041 1112 1102 bellum
1139 1041 1389 1121 perfuga
1417 1058 1577 1101 unus
1605 1047 1665 1102 et
1693 1058 1928 1120 gravem
1958 1040 2356 1103 adversarium
2385 1042 2579 1121 impe-

420 1127 496 1188 rii
538 1127 888 1200 sustulisset,
933 1126 1037 1188 sed
1077 1143 1360 1207 magnum
1390 1125 1648 1187 dedecus
1676 1134 1737 1188 et
1763 1125 2069 1205 flagitium,
2114 1126 2358 1206 quicum
2387 1126 2580 1189 laudis

422 1220 721 1276 certamen
745 1212 972 1286 fuisset,
1003 1229 1139 1273 eum
1162 1229 1288 1273 non
1311 1211 1543 1285 virtute,
1573 1211 1678 1273 sed
1700 1211 1922 1273 scelere
1944 1218 2307 1291 superatum.
2360 1211 2579 1274 Utrum

421 1298 603 1377 igitur
642 1297 845 1359 utilius
885 1296 978 1358 vel
1003 1296 1294 1372 Fabricio,
1338 1296 1443 1376 qui
1483 1295 1618 1358 talis
1659 1295 1723 1358 in
1752 1297 1863 1358 hac
1891 1295 2040 1358 urbe
2070 1296 2261 1376 qualis
2289 1297 2579 1359 Aristides

421 1383 668 1445 Athenis
708 1382 839 1458 fuit,
883 1382 975 1443 vel
1012 1382 1247 1445 senatui
1286 1389 1519 1455 nostro,
1561 1380 1664 1460 qui
1706 1399 2033 1461 numquam
2073 1382 2388 1444 utilitatem
2416 1401 2450 1443 a
2483 1382 2579 1444 di-

422 1468 646 1548 gnitate
668 1467 950 1542 seiunxit‚
978 1468 1156 1530 armis
1186 1485 1324 1528 cum
1351 1468 1525 1529 hoste
1552 1473 1781 1529 certare
1809 1485 1886 1528 an
1914 1465 2201 1529 venenis?
2258 1466 2324 1530 Si
2351 1467 2576 1548 gloriae

422 1572 599 1615 causa
625 1553 941 1633 imperium
968 1553 1374 1632 expetundum
1403 1559 1511 1627 est,
1553 1551 1747 1614 scelus
1775 1552 1945 1628 absit,
1975 1552 2038 1614 in
2069 1571 2189 1633 quo
2221 1571 2346 1614 non
2377 1560 2580 1633 potest

423 1657 551 1700 esse
587 1637 804 1717 gloriat
849 1637 941 1699 sin
973 1637 1137 1716 ipsae
1166 1656 1313 1718 opes
1341 1644 1705 1716 expetuntur
1733 1656 1977 1718 quoquo
2006 1639 2203 1713 modo,
2245 1657 2370 1699 non
2403 1646 2576 1718 pote-

420 1731 567 1785 runt
607 1723 785 1785 utiles
823 1741 955 1785 esse
995 1741 1134 1785 cum
1174 1723 1432 1785 infamia.
1490 1723 1626 1787 Non
1671 1722 1852 1803 igitur
1894 1722 2055 1786 utilis
2091 1723 2188 1785 illa
2218 1723 2286 1784 L.
2318 1723 2579 1803 Philippi

423 1809 494 1880 Q.
526 1808 591 1870 F.
617 1808 947 1871 sententia:
988 1827 1135 1887 quas
1163 1809 1428 1872 civitates
1453 1808 1522 1869 L.
1554 1806 1716 1870 Sulla
1745 1808 1999 1889 pecunia
2027 1816 2268 1889 accepta
2299 1828 2372 1871 ex
2400 1827 2576 1872 sena-

420 1901 520 1956 tus
556 1894 831 1956 consulto
873 1893 1253 1970 liberavisset,
1294 1901 1363 1956 ut
1402 1911 1506 1956 eae
1546 1912 1755 1955 rursus
1797 1894 2114 1974 vectigales
2150 1901 2349 1956 essent
2377 1913 2577 1974 neque

422 1979 494 2041 iis
521 1979 866 2059 pecuniam,
910 1997 1086 2058 quam
1116 1997 1228 2058 pro
1257 1979 1530 2041 libertate
1558 1978 1877 2055 dederant,
1918 1980 2318 2042 redderemus
2377 1978 2452 2040 Ei
2477 1997 2575 2041 se-

422 2071 599 2130 natus
628 2072 715 2127 est
745 2083 1039 2126 assensus.
1100 2065 1299 2145 Turpe
1328 2064 1611 2144 imperio:
1641 2063 1967 2144 piratarum
1998 2064 2158 2126 enim
2188 2065 2398 2126 melior
2426 2065 2574 2126 fides

423 2167 601 2229 quam
623 2157 883 2211 senatus.
941 2150 1035 2209 ‘At
1054 2159 1227 2210 aucta
1249 2149 1569 2229 vectigalia,
1599 2148 1742 2211 utile
1766 2149 1984 2228 igitur.'
2043 2149 2368 2230 Quousque
2390 2150 2573 2212 aude-

420 2234 577 2297 bunt
610 2234 808 2297 dicere
838 2234 1158 2315 quicquam
1185 2234 1349 2311 utile,
1394 2234 1555 2315 quod
1584 2252 1710 2296 non
1740 2232 2105 2298 honestum?
2145 2235 2349 2299 Potest
2375 2243 2575 2299 autem

420 2320 524 2382 ulli
565 2320 835 2401 imperio,
880 2320 1040 2400 quod
1086 2321 1273 2401 gloria
1316 2319 1493 2382 debet
1536 2319 1752 2382 fultum
1788 2339 1917 2383 esse
1947 2328 2007 2383 et
2034 2321 2447 2383 benevolentia
2474 2340 2577 2383 so-

492 2507 538 2558 1.
577 2504 707 2557 Cum
742 2507 883 2556 enim
912 2523 1048 2558 γεω.
1096 2506 1323 2560 dieselbe
1356 2505 1448 2558 Er·
1547 2504 1703 2558 allein
1739 2503 1838 2557 den
1863 2504 2140 2558 Beinamen
2175 2504 2284 2558 ‘der
2309 2504 2575 2558 Gerechte’

420 2572 645 2640 zahlung
678 2572 698 2624 1
733 2575 764 2638 ξ
799 2576 881 2626 40.
1547 2573 1743 2627 hatten.

491 2643 537 2694 2.
592 2642 658 2693 de
707 2644 967 2708 imperio:
1019 2641 1040 2692 Ι
1075 2641 1109 2708 ξ
1148 2643 1214 2695 38
1258 2642 1351 2693 sed
1382 2658 1448 2692 ea
1620 2643 1698 2695 12.
1716 2655 2009 2705 numquam
2024 2641 2429 2693 utilitatemcet.
2451 2639 2575 2694 Dies

422 2709 585 2775 bella,
645 2711 838 2775 quibus
893 2713 1111 2778 imperii
1165 2712 1447 2776 proposita
1546 2708 1686 2762 kann
1720 2724 1817 2761 nur
1850 2708 1939 2760 der
1972 2708 2283 2777 hehaupten‚
2328 2724 2436 2762 wer
2472 2708 2574 2761 wie

417 2777 602 2844 gloria
638 2782 739 2844 est,
773 2781 954 2830 minus
987 2779 1175 2830 acerbe
1205 2778 1445 2843 gerenda
1548 2777 1724 2830 Cicero
1759 2775 1951 2829 ebenso
1989 2776 2151 2830 bereit
2182 2777 2271 2842 ist,
2306 2776 2399 2830 das
2415 2777 2577 2829 Inter-

418 2851 563 2898 eunt.
1547 2861 1663 2898 esse
1687 2844 1906 2897 fremder
1926 2843 2197 2912 Nationen‚
2228 2845 2329 2897 wie
2353 2845 2443 2898 der
2466 2845 2575 2897 ein-

494 2916 540 2966 3.
586 2911 843 2978 perfuga.
906 2911 1001 2964 Bei
1053 2911 1248 2966 Gellius
1282 2912 1345 2966 N.
1380 2912 1443 2966 A.
1546 2913 1728 2966 zelnen
1785 2911 1981 2978 Bru-ger
2047 2918 2179 2967 stets
2237 2913 2353 2966 dem
2419 2913 2573 2966 romi-

420 2980 483 3032 111
507 2982 556 3045 8,
592 2979 681 3032 der
712 2994 804 3032 aus
829 2979 945 3033 dem
968 2980 1273 3033 Annalisten
1299 2981 1448 3034 Clau·
1547 2982 1704 3034 schen
1759 2979 2184 3034 Staatsinteresse
2240 2981 2575 3035 unterzuord-

423 3049 538 3101 dius
555 3047 916 3114 Quadrigarius
939 3048 1038 3101 den
1057 3047 1203 3101 Briel'
1220 3048 1445 3115 anffihrt,
1547 3065 1662 3102 nen.
1706 3047 1850 3101 Doch
1878 3063 2021 3101 muss
2055 3050 2187 3102 auch
2225 3064 2280 3101 er
2315 3049 2483 3117 gleich
2517 3050 2573 3101 in

422 3118 520 3170 den
549 3116 631 3170 die
663 3117 953 3169 romischen
979 3117 1204 3170 Consuln
1229 3117 1444 3169 deshalb
1546 3118 1662 3170 dem
1705 3115 2002 3184 Folgenden
2056 3116 2148 3170 das
2198 3115 2572 3170 unehrenhaste

421 3202 488 3238 an
509 3185 736 3254 Pyrrhus
768 3185 1101 3252 geschrieben
1138 3186 1302 3238 haben
1341 3186 1446 3238 sol·
1544 3185 1800 3252 Betragen
1844 3184 1936 3236 des
1973 3181 2160 3238 Senats
2204 3186 2257 3238 in
2303 3185 2572 3239 einzelnen

419 3254 524 3319 len,
560 3253 685 3307 wird
722 3254 811 3307 der
832 3253 988 3306 Mann
1012 3253 1186 3307 Nicias
1219 3253 1323 3307 und
1360 3254 1445 3306 ein
1543 3252 1721 3306 Fallen
1757 3252 2106 3318 eingestehen.

419 3321 718 3376 Vertrauter
768 3322 860 3374 des
911 3322 1139 3391 Pyrrhus
1189 3327 1443 3388 genannt3
1619 3324 1698 3376 16.
1734 3321 1795 3374 L.
1831 3321 2070 3388 Philippi
2083 3340 2101 3372 .·
2134 3319 2156 3373 1
2191 3318 2223 3387 ξ
2265 3322 2376 3374 108.

417 3391 504 3442 bei
529 3389 762 3444 Valerius
791 3390 972 3443 Antias
1007 3390 1146 3443 hiess
1180 3405 1236 3442 er
1270 3390 1443 3442 Timo·
1618 3392 1697 3445 18.
1735 3389 2081 3456 liberavisset,
2103 3387 2255 3441 nfiml.
2279 3389 2497 3439 tributo.
2516 3386 2571 3439 in

419 3459 599 3512 chares
667 3473 761 3511 aus
828 3458 1125 3519 Ambracia3
1196 3457 1443 3511 wahl-end
1545 3456 1688 3513 Verr.
1724 3457 1767 3510 11
1802 3461 1885 3521 31,
1923 3461 1987 3510 76
2037 3457 2223 3508 liberet
2253 3456 2571 3524 Byzantios.

418 3527 559 3581 Cass.
594 3525 689 3579 Dio
725 3526 785 3579 fr.
822 3530 907 3592 40,
942 3529 1008 3579 44
1052 3525 1259 3578 Bekker
1301 3520 1442 3610 ἀνὴρ
1543 3525 1636 3579 Die
1688 3542 1792 3579 von
1844 3524 1989 3578 Sulla
2041 3524 2308 3577 einzelnen
2356 3522 2571 3575 Staaten

415 3612 499 3649 τις
530 3595 652 3648 τῶν
685 3597 810 3666 περὶ
858 3592 961 3660 τὴν
996 3592 1309 3667 θεραπείαν
1340 3613 1442 3647 του
1542 3594 1729 3647 Asiens
1764 3595 1846 3646 fur
1875 3592 2005 3646 Geld
2039 3592 2324 3658 bewilligte
2362 3589 2570 3643 Steuer-

411 3660 685 3731 βασιλέως
718 3667 849 3731 sagt.
1544 3662 1749 3716 freiheit
1786 3661 1986 3714 scheint
2021 3661 2190 3729 gleich
2224 3660 2356 3712 nach
2382 3659 2571 3713 desseu

483 3736 531 3788 ’7.
585 3735 910 3799 opinionem,
964 3731 1046 3784 die
1069 3729 1313 3797 Meinung
1348 3729 1440 3783 der
1543 3729 1687 3784 Tode
1734 3730 2059 3797 ausgehoben
2106 3746 2169 3782 zu
2207 3727 2343 3794 sein,
2391 3727 2456 3778 da
2492 3726 2569 3778 sie

411 3799 598 3867 Menge
644 3801 715 3852 im
758 3799 1048 3866 Gegensatz
1098 3815 1164 3852 zu
1208 3801 1441 3863 vmta23
1542 3797 1659 3851 dem
1694 3799 1945 3851 Interesse
1982 3797 2071 3851 der
2097 3794 2439 3849 Aristokratie
2474 3794 2572 3846 wi-

414 3883 455 3920 s.
484 3873 515 3930 §
550 3871 604 3920 11
643 3884 693 3920 u.
718 3871 782 3923 84
818 3868 893 3919 ad
924 3868 1077 3934 vulgi
1113 3870 1435 3933 opinionem.
1542 3866 1832 3935 dersprach.
1900 3865 2182 3919 Mommsen
2220 3868 2345 3918 rom.
2382 3862 2566 3916 Gesch.

489 3937 564 3987 11.
598 3938 692 4000 qui
727 3935 854 3986 talis
889 3965 932 3974 -—
966 3935 1106 3997 fuit:
1141 3935 1264 3988 weil
1286 3934 1437 3988 beide
1540 3934 1603 3986 111
1635 3951 1687 4003 p.
1715 3937 1795 3989 84.

2607 1221 2686 1290 ,ιο

2620 1646 2681 1700 15
