2813 4537
795 299 881 353 on
916 298 1177 354 omens
1211 300 1330 354 Lm.
1359 300 1437 354 111.
1507 300 1649 356 GAP.
1671 304 1752 358 23.
1785 306 1870 357 24.
2278 287 2406 364 229'

224 473 396 551 ‘triae
418 491 514 534 res
536 473 844 553 spectabit,
875 474 1099 553 patriae
1122 475 1370 537 salutem
1392 483 1720 556 anteponet
1741 477 1916 538 saluti
1936 476 2161 557 patris.'
2211 477 2407 549 Quae-
2448 488 2508 542 91

247 559 328 619 rit
368 559 563 633 etiam,
611 560 679 620 ‘si
720 558 963 639 sapiens
1002 560 1369 623 adulterinos
1411 579 1691 623 nummos
1734 562 2031 642 acceperit
2058 562 2407 643 imprudens

249 662 361 725 pro
405 642 610 720 bonis,
655 661 794 706 cum
840 645 900 706 id
928 645 1227 722 rescierit,
1271 648 1656 709 soluturusne
1684 647 1762 708 sit
1789 666 1894 710 eos
1910 694 1926 723 ,
1968 647 2019 710 si
2047 648 2147 709 cui
2175 649 2405 725 debeat,

247 747 360 810 pro
390 729 607 791 honis!
665 730 963 810 Diogenes
990 732 1102 808 ait,
1146 732 1462 812 Antipater
1487 740 1697 812 negat,
1733 731 1837 795 c‘ui
1865 732 2067 814 potius
2095 735 2405 797 assentior.

249 849 334 860 —-
367 815 504 887 ‘Qui
545 816 751 878 vinum
794 816 1034 896 fugiens
1073 818 1289 879 vendat
1329 816 1557 893 sciens,
1598 817 1888 880 debeatne
1931 819 2129 881 dicere
2142 817 2192 879 ‘t’
2253 820 2406 881 ‘Non

251 901 518 971 necesse’
559 908 731 981 putat
759 901 1085 982 Diogenes,
1131 903 1444 982 Antipater
1485 902 1613 964 ‘viri
1653 903 1816 965 boni’
1876 904 2188 966 existimat.
2246 904 2410 965 Haec

249 995 394 1050 sunt
439 987 604 1066 quasi
650 994 1030 1049 controversa
1060 988 1190 1050 iura
1220 987 1576 1050 Stoicorum.
1638 988 1725 1050 ‘In
1758 989 2057 1069 mancipio
2086 990 2407 1051 vendundo

228 1071 581 1134 'dicendane
601 1072 760 1148 vitia,
793 1091 917 1134 non
943 1091 1028 1149 ea,
1062 1092 1213 1153 quae
1236 1074 1354 1136 nisi
1375 1074 1612 1149 dixeris,
1641 1074 2023 1136 redhibeatur
2045 1074 2407 1155 mancipium

250 1161 379 1219 iure
409 1157 592 1233 civili,
636 1158 739 1219 sed
769 1158 935 1233 haec,
972 1159 1320 1220 mendacem
1349 1177 1498 1233 osse,
1528 1160 1865 1235 aleatorem,
1895 1161 2178 1233 furacem,
2209 1160 2408 1222 ebrio-

251 1241 446 1304 sum?
488 1243 674 1303 Alteri
703 1243 955 1305 dicenda
980 1243 1288 1320 videntur,
1318 1244 1489 1306 alteri
1518 1262 1641 1307 non
1671 1245 1965 1307 videntur.
2026 1244 2109 1306 ‘Si
2142 1246 2274 1327 quis
2302 1263 2408 1307 au·
2450 1254 2511 1305 92

253 1346 388 1389 rum
407 1328 674 1389 vendens
698 1329 1061 1391 orichalcum
1083 1348 1147 1391 se
1176 1337 1350 1410 putet
1376 1330 1650 1404 vendere,
1681 1329 1982 1392 indicetne
2014 1331 2069 1391 ei
2095 1331 2186 1392 vir
2212 1331 2412 1392 bonus

252 1431 464 1475 aurum
511 1413 657 1474 illud
701 1432 862 1491 esse,
905 1433 982 1476 an
1027 1422 1184 1476 emat
1223 1415 1467 1477 denario
1515 1416 1675 1494 quod
1714 1414 1793 1477 sit
1832 1415 1991 1476 mille
2037 1414 2410 1477 denarium?²

253 1498 642 1580 Perspicuum
685 1507 776 1562 est
816 1500 932 1562 iam
974 1507 1034 1561 et
1078 1500 1220 1580 quid
1262 1500 1411 1562 mihi
1450 1501 1719 1563 videatur
1748 1508 1808 1562 et
1836 1499 1986 1581 quae
2015 1501 2095 1563 sit
2121 1501 2281 1562 inter
2309 1519 2412 1563 eos

251 1584 658 1665 philosophoS,
697 1603 849 1664 quos
879 1586 1199 1662 nominavi,
1229 1586 1650 1648 controversia.

423 1670 601 1732 Pacta
635 1678 696 1731 et
723 1671 1015 1749 promissa
1044 1689 1360 1750 semperne
1387 1672 1675 1732 servanda
1705 1671 1845 1746 sint,
1893 1690 2043 1739 oum
2072 1691 2183 1732 nnc
2211 1690 2269 1732 w
2297 1690 2408 1732 Nec
2437 1664 2515 1723 24

252 1774 405 1816 nono
435 1773 622 1829 mo,
664 1763 733 1816 ut
777 1762 1084 1835 praetores
1116 1756 1341 1832 solent,
1383 1775 1568 1817 meu
1603 1775 1750 1818 snvr,
1780 1790 1866 1802 -—
1897 1756 1962 1817 Si
1992 1757 2126 1835 quis
2151 1757 2411 1817 medica-

252 1872 582 1937 vituperabit
589 1888 610 1934 ‚·
643 1869 686 1922 11
719 1871 753 1938 ξ
776 1875 843 1925 53
879 1872 1159 1941 Philippus
1194 1889 1281 1925 ac·
1380 1875 1521 1925 scire
1554 1873 1743 1925 debuit
1773 1900 1817 1911 -
1855 1874 1920 1924 de
1951 1871 2139 1939 furtis,
2168 1877 2415 1952 praestat
2513 1889 2519 1895 ’

254 1944 407 1991 cusat
438 1938 815 1992 Alexandrum
849 1938 1041 2002 filium.
1384 1941 1562 1993 edicto
1607 1940 1867 1992 aedilium
1913 1940 2106 1993 wellen
2139 1940 2277 1993 viele
2321 1940 2412 2001 fu-
2505 1963 2516 1972 ι

328 2010 371 2060 1.
415 2011 631 2076 patriae
667 2008 895 2060 salutem
918 2013 1036 2075 cet.,
1071 2024 1128 2062 er
1150 2008 1283 2062 wird
1379 2024 1563 2061 racem
1597 2009 1709 2062 hier
1742 2008 2015 2063 streichen.
2070 2008 2215 2062 Doch
2250 2024 2291 2061 s.
2328 2008 2412 2061 die

252 2091 341 2129 um
388 2076 480 2128 der
525 2074 756 2142 Rettung
808 2075 900 2130 des
945 2075 1282 2132 Vaterlandes
1384 2076 1504 2130 dort
1544 2078 1809 2145 gegebene
1842 2077 2089 2130 Erklatun
2128 2116 2143 2131 .
2213 2077 2412 2130 Fur-aa:

253 2144 431 2197 willen
469 2144 648 2197 seinen
665 2142 824 2198 Vater
857 2145 943 2198 bei
980 2145 1070 2199 der
1104 2146 1284 2214 Obrig·
1384 2146 1689 2198 bezeichnet
1737 2162 1832 2198 nur
1879 2145 1962 2199 die
2008 2144 2091 2197 die
2128 2145 2272 2197 ische
2316 2144 2414 2198 Ge-

252 2211 364 2264 keit
401 2212 663 2279 anzeigen.
717 2211 855 2265 Weil
878 2214 931 2266 in
956 2211 1125 2267 dieser
1147 2214 1282 2267 ‘rhat
1387 2214 1611 2282 sinnung
1635 2211 1726 2266 des
1750 2213 1995 2268 Sklaven.
2029 2212 2161 2266 Dass
2184 2213 2274 2266 der
2286 2211 2415 2266 Ver-

252 2281 371 2334 eine
411 2280 727 2348 Verletzung
778 2282 869 2334 der
915 2282 1086 2336 Pietfit
1137 2284 1283 2352 liegt,
1384 2282 1570 2336 kauser
1587 2283 1731 2336 nicht
1747 2283 2048 2351 anzugeben
2066 2283 2225 2350 hatte,
2244 2283 2313 2335 ob
2323 2283 2415 2334 der

251 2348 385 2401 wird
434 2347 544 2400 dies
597 2348 739 2400 nicht
793 2350 1044 2416 geradezu
1099 2367 1284 2421 ausge-
1387 2350 1580 2404 Sklave
1629 2351 1740 2404 sich
1782 2351 2080 2405 Diebereien
2128 2351 2198 2402 im
2243 2350 2412 2403 Hause

253 2416 526 2486 sprochen.
1383 2420 1529 2472 hatte
1565 2434 1628 2471 zu
1655 2417 1915 2472 Schulden
1948 2419 2190 2471 kommen
2222 2417 2412 2483 lassen,

326 2485 568 2550 Quaerit,
602 2483 827 2536 niimlich
850 2484 1061 2551 Hecato‚
1085 2485 1177 2538 der
1199 2485 1282 2539 die
1386 2486 1638 2553 bestatigt
1683 2485 1924 2540 Marcian.
1970 2486 2073 2553 dig.
2108 2484 2225 2537 XXI
2263 2489 2309 2552 1,
2346 2488 2412 2539 52

253 2553 538 2606 Ansichten
575 2551 668 2604 des
702 2551 960 2619 Diogenes
996 2553 1102 2606 und
1136 2553 1283 2607 Anti·
1385 2559 1437 2606 si
1467 2553 1682 2616 furtum
1704 2555 1924 2606 domino
1956 2553 2168 2620 feeerit,
2201 2569 2312 2605 non
2335 2558 2416 2605 est

290 2626 401 2674 ater
425 2620 679 2673 anffihrte.
715 2618 834 2688 Vgl.
859 2621 893 2689 §
920 2624 1004 2687 51,
1030 2636 1114 2674 wo
1139 2623 1283 2675 diese
1381 2639 1593 2674 neeesse
1650 2625 1753 2676 hoe
1806 2626 1866 2674 in
1914 2623 2222 2674 venditione
2272 2626 2416 2673 servi

298 2690 605 2758 hilosophen
642 2687 872 2743 dieselhe
896 2689 1285 2758 Meinungsver-
1380 2691 1714 2758 praedicere,
1748 2706 1849 2743 nee
1882 2708 1953 2743 σω
1983 2692 2085 2742 hac
2109 2705 2271 2742 eausa
2293 2691 2415 2742 red—

255 2757 610 2811 schiedeuheit
643 2757 840 2825 zeigen.
1385 2761 1578 2810 bibitio
1614 2764 1709 2812 est.

322 2830 371 2878 5.
425 2828 611 2878 vinum
660 2825 907 2893 sug-iem,
953 2826 1007 2877 in
1042 2825 1286 2894 Gihrung
1459 2830 1540 2880 12.
1562 2830 1637 2878 sit
1652 2827 1800 2879 mille
1819 2827 2133 2879 deum-ium.-
2161 2841 2274 2880 was
2298 2827 2416 2879 eine

251 2893 641 2961 sibergehender
663 2893 832 2948 Wein.
888 2893 1007 2947 Seu.
1034 2909 1062 2946 e
1101 2934 1115 2947 .
1149 2897 1226 2961 12,
1248 2898 1285 2948 4
1387 2893 1554 2948 Sache
1606 2910 1712 2948 von
1769 2899 1902 2949 tone
1954 2894 2186 2948 Denaren
2233 2894 2415 2948 Werth

246 2965 1027 3030 gratt'seimasuntpoma,eum
1067 2966 1285 3030 agitant.
1385 2963 1471 3016 ist.
1524 2962 1623 3016 Der
1671 2962 1890 3016 Genetiv
1943 2964 2013 3017 ist
2060 2963 2278 3018 Genetiv
2324 2963 2416 3015 der

337 3034 386 3084 7.
443 3035 787 3084 cono-eversa
817 3035 959 3084 ,iura
1019 3030 1147 3084 oder·
1187 3033 1285 3084 du·
1384 3031 1738 3100 Eigenschaft,
1761 3032 1903 3085 nicht
1929 3032 2020 3086 des
2044 3032 2262 3095 Preises,
2289 3031 2417 3083 wel-

250 3100 345 3150 hia
380 3098 494 3151 sind
529 3099 601 3151 im
625 3099 916 3167 Gegensatz
951 3115 1016 3152 zu
1051 3103 1138 3151 im
1173 3116 1287 3153 eer-
1387 3101 1510 3153 cher
1543 3100 1704 3153 durch
1738 3100 1840 3153 den
1865 3101 2078 3154 Ablativ
2115 3099 2420 3153 bezeichnet

255 3172 369 3219 tum
402 3166 745 3234 Rechtsfiille,
797 3168 927 3221 iiber
962 3168 1163 3221 welche
1197 3168 1287 3221 die
1385 3168 1596 3221 werden
1632 3172 1844 3222 munste.

252 3233 566 3300 Meinungen
653 3234 744 3286 der
822 3235 1285 3305 Rechtsgelehrten
1459 3241 1537 3291 15.
1564 3238 1731 3288 Pacta
1755 3266 1794 3275 —
1812 3236 2078 3289 servanda
2097 3240 2234 3287 sint.-
2254 3235 2418 3287 bildet

254 3302 422 3354 selhst
446 3301 557 3353 sich
584 3301 769 3354 widers
806 3303 1008 3359 rechen.
1045 3321 1138 3372 pro
1152 3304 1281 3359 Mur.
1386 3304 1470 3356 die
1505 3303 1871 3372 Ueberschrist‚
1910 3304 2082 3357 wobei
2118 3307 2419 3384 quaem‘tur,

259 3373 341 3437 13,
365 3372 430 3422 28
462 3372 517 3420 ei
549 3369 613 3421 id
644 3319 804 3436 quo}
824 3376 1037 3437 oportet
1068 3389 1286 3440 reepaem-
1386 3372 1697 3440 eoeplieatur
1732 3371 1855 3425 oder
1889 3373 1974 3425 ein
2003 3372 2267 3425 fihnhches
2290 3370 2418 3424 Ver-

255 3438 427 3505 den‘s,
487 3437 631 3488 idem
682 3438 899 3489 videare
948 3441 1285 3507 respondisse
1384 3441 1510 3493 bum
1556 3439 1887 3507 ausgelassen
1933 3441 2030 3508 ist,
2086 3441 2188 3493 wie
2240 3439 2416 3506 haufig

254 3506 402 3573 quod
443 3505 699 3571 Ser-vitu,-
749 3509 835 3557 sin
884 3505 1070 3574 aliter,
1117 3511 1284 3561 etiam
1388 3508 1675 3576 geschicht.

254 3580 656 3626 controversum
689 3577 776 3625 ius
797 3590 952 3626 nosse
973 3581 1026 3627 et
1048 3580 1287 3628 &actare
1461 3580 1540 3630 16.
1571 3582 1636 3628 ut
1648 3581 1926 3644 praetores
1941 3576 2114 3628 solent
2129 3575 2283 3628 niiml.
2306 3574 2418 3626 edi-

254 3642 488 3697 videare.
1389 3661 1523 3696 cere.
1557 3643 1659 3697 Das
1682 3644 1833 3697 Edict
1855 3643 2050 3698 lautete
2085 3642 2260 3710 Dig.11
2281 3644 2361 3707 14,
2380 3645 2412 3694 7

324 3713 375 3765 8.
409 3726 491 3776 ca,
523 3726 664 3777 quae
694 3713 808 3762 nia·
830 3710 1064 3762 weris.-
1094 3727 1136 3765 ε.
1200 3713 1285 3764 71.
1388 3713 1423 3780 ξ
1459 3716 1487 3765 7
1535 3714 1700 3765 Pacta
1736 3718 2019 3779 conventa,
2073 3728 2212 3779 quae
2244 3726 2418 3777 neque

324 3779 706 3831 redhibeatur.-
762 3777 879 3847 Ulp.
928 3778 1031 3847 dig.
1079 3779 1124 3831 Χ
1241 3781 1284 3844 1,
1389 3780 1513 3832 dolo
1558 3782 1704 3833 malo
1747 3797 1918 3848 neque
1966 3781 2222 3833 adversus
2257 3779 2414 3845 leges,

260 3851 317 3901 11
359 3847 641 3899 redhibere
670 3851 767 3914 eet,
798 3852 863 3898 ut
884 3862 1077 3900 rursus
1093 3849 1290 3899 habeat
1378 3848 1682 3916 plebiscita,
1710 3856 1928 3901 senam-5
1952 3848 2216 3914 consulta,-
2243 3848 2416 3899 edicta

257 3916 509 3967 venditor·
543 3916 690 3982 quod
721 3916 997 3969 habuerat.
1378 3920 1694 3984 principum
1745 3933 1919 3984 neque
1966 3932 2069 3984 quo
2120 3915 2281 3977 fraus
2327 3917 2418 3967 eui

322 3986 371 4036 9.
426 3981 702 4045 mraoem:
749 3999 936 4052 wegen
989 3985 1023 4052 ς
1076 3988 1137 4037 71
1189 3987 1288 4051 qui
1389 4000 1576 4037 eorum
1607 3986 1724 4053 fiat,
1757 3985 1910 4047 sacta
1942 3988 2077 4053 sint,
2108 3986 2348 4038 servabo.
