2813 4537
423 269 545 330 170

1005 272 1088 325 DE
1126 271 1385 325 OFanS
1423 271 1541 325 ΠΒ.
1573 271 1630 324 11.
1700 270 1842 324 cAP.
1867 274 1951 325 22.

418 447 657 528 thagine
700 463 917 528 eversa.
979 443 1178 517 Quid?
1221 445 1324 525 qui
1354 446 1481 507 eius
1510 444 1733 524 collega
1762 444 1874 506 fuit
1903 445 1963 505 in
1996 463 2249 507 censura
2278 445 2344 505 L.
2374 445 2569 508 Mum-

416 533 590 608 mius,
634 550 780 592 num
825 530 965 610 quid
1005 530 1321 610 copiosior,
1367 549 1503 593 cum
1546 529 2012 609 copiosissimam
2054 531 2265 592 urbem
2298 531 2569 594 funditus

417 613 793 680 sustulisset?
848 615 1074 677 Italiam
1117 635 1332 678 ornare
1377 634 1555 695 quam
1592 616 1833 676 domum
1862 635 2030 678 suam
2059 616 2282 678 maluit.
2343 617 2566 688 Quam·

311 714 371 764 ’Π
418 722 593 784 quam
631 701 795 763 Italia
840 711 1047 763 ornata
1090 703 1300 763 domus
1342 701 1470 781 ipsa
1509 700 1654 762 mihi
1695 700 1926 763 videtur
1969 701 2252 764 ornatior.
2282 780 2286 785 ,
2322 701 2565 764 Nullum

416 788 596 868 igitur
624 786 829 849 vitium
857 788 1104 849 taetrius
1134 793 1241 861 est,
1281 794 1347 847 ut
1376 805 1467 862 eo,
1501 787 1657 847 unde
1689 804 1922 866 egressa
1953 795 2059 862 ost,
2089 788 2308 849 referat
2335 804 2399 848 se
2429 806 2563 850 ora·
2608 800 2640 850 5

413 874 516 948 tio,
570 890 747 952 quam
796 871 1033 947 avarita,
1082 872 1431 952 praesertim
1476 871 1537 933 in
1579 871 1951 951 principibus
1994 882 2054 934 et
2095 892 2223 934 rem
2264 872 2564 952 publicam

414 957 903 1039 gubernantibus
961 956 1192 1018 Habere
1234 956 1394 1018 enim
1438 957 1707 1037 quaestui
1745 975 1872 1017 rem
1901 959 2200 1038 publicam
2229 977 2353 1020 non
2384 960 2563 1021 modo

414 1052 589 1124 turpe
613 1051 719 1118 est,
750 1044 851 1104 sed
881 1042 1231 1104 sceleratum
1261 1042 1436 1103 etiam
1466 1050 1527 1103 et
1554 1042 1864 1104 nefarium.
1924 1045 2129 1125 Itaque
2160 1045 2319 1123 quod
2349 1044 2561 1123 Apollo

414 1128 658 1210 Pythius
702 1128 1008 1189 oraculum
1048 1127 1229 1189 edidit
1258 1127 1550 1208 ‘Spartam
1593 1128 1753 1189 nulla
1786 1145 1852 1189 re
1882 1130 1992 1191 alia
2022 1129 2137 1191 nisi
2167 1129 2404 1190 avaritia
2432 1147 2560 1191 esse

413 1212 774 1294 perituram',
805 1213 864 1273 id
885 1213 1115 1275 videtur
1136 1232 1260 1274 non
1287 1213 1479 1274 solum
1500 1212 2000 1290 Lacedaemoniis,
2029 1216 2134 1277 sed
2163 1214 2337 1275 etiam
2368 1214 2563 1275 omni·
2607 1223 2667 1275 10

411 1299 525 1360 bus
564 1298 863 1378 opulentis
897 1298 1135 1378 populis
1162 1298 1542 1378 praedixisse.
1601 1298 1771 1362 Nulla
1802 1308 2000 1362 autem
2029 1319 2095 1361 re
2124 1299 2442 1361 conciliare
2471 1301 2559 1361 fa-

411 1384 582 1446 cilius
631 1383 1102 1445 benevolentiam
1151 1383 1549 1445 multitudinis
1599 1393 1853 1464 possunt
1899 1385 1960 1461 ii,
2013 1385 2117 1465 qui
2159 1385 2246 1446 rei
2287 1385 2558 1465 publicae

412 1477 714 1549 praesunt,
748 1487 925 1547 quam
953 1468 1310 1531 abstinentia
1340 1476 1398 1530 et
1428 1468 1815 1532 continentia.

581 1554 697 1627 Qui
737 1572 876 1615 vero
918 1573 981 1616 se
1022 1555 1341 1634 populares
1368 1554 1578 1616 volunt
1608 1555 1684 1615 ob
1716 1572 1963 1633 eamque
1992 1572 2229 1616 causam
2257 1563 2361 1616 aut
2388 1573 2558 1635 agra-

408 1639 557 1700 riam
598 1659 724 1701 rem
767 1647 1078 1719 temptant,
1119 1647 1188 1701 ut
1229 1658 1624 1719 possessores·
1645 1640 1944 1720 pellantur
1987 1639 2110 1701 suis
2149 1640 2405 1713 sedibuS,
2459 1647 2560 1701 aut
2605 1648 2662 1699 15

408 1725 691 1805 pecunias
742 1725 991 1787 creditas
1042 1724 1408 1787 debitoribus
1457 1726 1881 1787 condonandas
1922 1732 2152 1805 putant,
2204 1725 2559 1787 labefactant

406 1811 791 1874 fundamenta
812 1810 900 1872 rei
921 1810 1210 1891 publicae,
1241 1810 1621 1872 concordiam
1645 1810 1922 1890 primum,
1954 1829 2103 1889 quae
2131 1829 2260 1872 esse
2289 1830 2415 1873 non
2445 1828 2557 1890 po-

406 1903 538 1971 test,
591 1915 728 1958 cum
771 1897 899 1957 aliis
941 1896 1302 1971 adimuntur,
1354 1896 1482 1957 aliis
1523 1898 1941 1959 condonantur
1984 1895 2290 1976 pecuniae,
2344 1896 2557 1957 deinde

405 1982 778 2060 aequitatem,
812 1999 963 2061 quae
984 1982 1212 2043 tollitur
1233 1982 1447 2056 omnis,
1478 1981 1528 2042 si
1550 1981 1770 2042 habere
1793 1999 1967 2044 suum
1998 1981 2214 2059 cuique
2245 1999 2369 2042 non
2399 1980 2553 2042 licet.

407 2066 472 2127 Id
518 2067 676 2128 enim
708 2074 797 2128 est
825 2067 1151 2147 proprium,
1194 2073 1262 2127 ut
1291 2085 1472 2146 supra
1501 2066 1638 2141 dixi,
1684 2066 1930 2127 civitatis
1957 2074 2134 2145 atque
2165 2065 2348 2141 urbis,
2389 2074 2453 2127 ut
2482 2065 2558 2127 sit
2600 2073 2660 2123 20

403 2150 587 2212 libera
631 2161 689 2212 et
734 2170 854 2212 non
900 2151 1148 2213 sollicita
1180 2170 1320 2215 suae
1350 2152 1439 2215 rei
1469 2151 1756 2230 cuiusque
1786 2151 2070 2213 custodia.
2130 2152 2322 2231 Atque
2352 2151 2413 2213 in
2442 2150 2554 2212 hac

477 2322 522 2373 1.
565 2319 771 2386 collega
802 2322 861 2370 in
885 2335 1127 2386 cemma,
1162 2321 1232 2372 im
1254 2320 1302 2373 J.
1325 2323 1427 2375 612

403 2389 986 2539 (Iblxcopiosissimam
1033 2474 1248 2524 urbem.-
1301 2473 1429 2525 iiber

402 2540 485 2593 die
509 2541 822 2607 Zerstorung
846 2541 1082 2594 Corinths
1118 2556 1159 2595 s,
1180 2540 1261 2593 z.1
1285 2541 1317 2609 ξ
1343 2544 1425 2594 35.

474 2627 521 2679 3.
547 2627 761 2678 Italiam
797 2642 1012 2678 ornare.
1062 2626 1117 2678 In
1139 2625 1316 2692 Bezug
1340 2625 1431 2679 aus

403 2693 487 2747 die
500 2694 857 2760 Kunstwerke‚
875 2694 1073 2746 welche
1092 2694 1250 2746 durch
1263 2694 1429 2746 Mum-

404 2762 535 2814 mius
572 2763 701 2814 nach
736 2761 865 2815 Rom
900 2761 1102 2827 kamen,
1141 2767 1257 2829 sagt
1292 2762 1425 2817 Plin.

402 2828 626 2895 XXXIV,
647 2834 695 2895 7,
720 2834 775 2882 Π
809 2826 1092 2881 Mummius
1106 2832 1316 2882 Achaia
1340 2831 1428 2882 de-

402 2901 545 2948 victa
577 2898 805 2964 replevit
838 2900 1022 2949 urbem
1057 2914 1168 2949 non
1203 2899 1424 2950 relictu-

400 2982 498 3017 rus
530 2966 679 3029 filiae
713 2966 903 3017 dotem.

472 3055 518 3105 5.
555 3066 766 3117 egressa
800 3055 894 3116 est,
929 3050 1303 3117 abgeschweift
1337 3051 1422 3104 ist.

402 3118 543 3172 Brut.
563 3122 645 3185 21,
665 3121 730 3173 82
765 3123 812 3170 is
841 3122 1093 3186 princeps
1117 3137 1187 3171 ex
1209 3118 1425 3171 Latinis

401 3188 498 3239 illa
522 3194 801 3239 oratorum
827 3191 1060 3254 propria
1096 3193 1149 3239 et
1173 3190 1330 3254 quasi
1352 3188 1425 3240 Ie-

272 3291 297 3301 -
390 3259 591 3323 Βίαντα
619 3271 784 3323 opera
809 3259 1080 3322 &ac-tavit,
1112 3261 1177 3307 ut
1209 3257 1425 3322 egrede-

399 3329 554 3376 retur
587 3340 621 3375 a
731 3326 936 3391 oposito
973 3325 1211 3387 ornandi
1242 3341 1421 3378 cauea.

400 3391 570 3454 Quint.
602 3340 746 3458 ΝΡΞ,
771 3395 830 3444 12
869 3394 1007 3447 lame
1037 3398 1248 3460 partem
1283 3409 1424 3464 παρ-

393 3464 627 3528 έκβασιν
693 3466 889 3512 vocant
947 3459 1166 3527 Graeci,
1233 3460 1425 3513 Latini

397 3545 668 3596 egressum
731 3529 819 3580 vel
868 3532 1239 3594 egressionem.
1322 3528 1421 3581 Der

397 3597 812 3665 gewohnlichere
862 3595 1137 3649 Ausdruck
1184 3597 1266 3650 fiir
1316 3596 1423 3649 Ab·

397 3665 678 3719 schweil'en
714 3681 835 3718 vom
869 3663 1063 3721 Thema
1101 3666 1170 3718 ist
1206 3665 1424 3732 dig-redi

396 3734 500 3786 und
534 3735 813 3800 degn-onio.

468 3820 547 3869 10.
601 3819 912 3871 orcadum.-
948 3811 985 3870 ἆ
1016 3815 1420 3890 φιλοχρηματία

397 3881 666 3954 Σπάρταν
716 3883 859 3950 ὀλεῖ,
923 3883 1054 3939 ἄλλο
1113 3883 1177 3938 δὲ
1235 3881 1418 3938 οὐδὸν.

398 3951 532 4005 Plut.
550 3952 668 4005 inst.
687 3953 802 4007 Lac.
827 3971 877 4022 p.
898 3958 996 4009 239
1010 3955 1065 4007 F.
1099 3954 1193 4007 Die
1217 3954 1417 4022 Konige

1529 2319 1839 2372 Alkamenes
1876 2317 1980 2370 und
2000 2318 2363 2387 Theopompos
2389 2318 2554 2372 sollen

1531 2388 1641 2441 dies
1676 2387 1863 2441 Orakel
1898 2387 2129 2440 erhalten
2164 2387 2347 2440 haben.

1604 2460 1681 2510 14.
1706 2473 1761 2507 se
1780 2456 2068 2525 populares
2087 2456 2304 2509 volunt:
2328 2455 2553 2509 dieAus-

1530 2524 1742 2592 lassung
1775 2540 1879 2577 von
1915 2540 2024 2575 esse
2057 2523 2142 2575 bei
2188 2525 2345 2590 velle,
2395 2524 2553 2589 nolle,

1528 2593 1689 2644 malle
1733 2592 1828 2645 mit
1862 2591 1978 2644 dem
2014 2591 2293 2659 doppelten
2328 2591 2553 2645 Accusa-

1533 2661 1606 2713 tiv
1654 2661 1722 2712 ist
1769 2660 1912 2712 nicht
1956 2659 2123 2712 selten
2170 2660 2256 2712 bei
2299 2660 2419 2726 Cic„
2466 2676 2554 2712 na-

1529 2729 1776 2782 mentlich
1802 2743 1955 2780 wenn
1990 2728 2137 2794 velle,
2174 2729 2274 2781 wie
2309 2729 2418 2781 hier
2451 2727 2554 2781 (len

1530 2796 1657 2850 Sinn
1693 2797 1797 2861 hat,
1834 2811 1889 2848 er
1924 2795 2287 2863 ‘beansprucht
2310 2797 2459 2849 dafiir
2487 2812 2551 2848 zu

1529 2865 1720 2932 gelten,
1755 2864 1831 2917 als
1865 2864 2068 2916 solcher
2089 2865 2435 2919 dazustehen'.
2479 2863 2551 2916 De

1528 2933 1614 2985 fin.
1668 2932 1713 2981 V
1750 2938 1807 2996 5,
1849 2935 1910 2986 13
1964 2932 2149 2985 Strato
2180 2935 2465 3000 physicum
2496 2949 2553 2984 se

1526 3001 1714 3053 voluit.
1786 2999 1938 3053 Tusc.
1974 3000 2020 3051 V
2057 3004 2153 3066 23,
2191 3006 2257 3055 66
2308 3004 2429 3067 quis
2476 3006 2554 3052 est

1527 3071 1766 3120 omnium
1800 3098 1843 3106 —-
1880 3072 1977 3135 qui
2007 3086 2065 3119 se
2097 3084 2207 3120 non
2252 3071 2394 3120 hune
2437 3084 2550 3120 ma-

1526 3136 1873 3188 thematicum
1908 3136 2064 3188 malit
2087 3151 2248 3202 quam
2281 3137 2437 3188 illum
2462 3142 2549 3203 ty·

1524 3209 1795 3257 mmmm?
1829 3204 1898 3258 ib.
1939 3208 2018 3269 19,
2055 3208 2136 3258 54.

1594 3277 1875 3339 agrariam
1929 3288 2043 3324 rem
2102 3277 2388 3339 temptant:
2460 3271 2550 3324 der

1526 3342 1773 3394 stehende
1819 3339 2090 3394 Ausdruck
2136 3340 2218 3393 ssu·
2269 3339 2551 3407 ‘Ackerge-

1527 3413 1668 3461 setze
1701 3409 1756 3462 in
1791 3407 2076 3476 Vorschlag
2109 3409 2353 3476 bringen'.

1599 3480 1676 3531 15.
1729 3493 2054 3545 possessores
2104 3476 2220 3530 sind
2266 3477 2407 3529 nicht
2452 3475 2549 3528 Be-

1526 3545 1695 3612 sitzer‚
1730 3545 1951 3598 sondern
1972 3545 2188 3598 Inhaber
2223 3560 2325 3597 von
2350 3543 2548 3597 Staats-

1523 3613 1839 3667 lindereien:
1876 3629 1915 3666 s,
1952 3618 2130 3666 unten.

1596 3685 1674 3735 16.
1719 3685 1982 3748 pecunias
2027 3683 2259 3734 creditas
2292 3685 2408 3747 cet„
2456 3680 2547 3735 das

1523 3749 1641 3802 sind
1675 3749 1893 3802 tabulae
1923 3766 2094 3801 novae
2130 3749 2163 3817 ξ
2199 3753 2282 3805 84.

1591 3821 1674 3872 21.
1700 3834 1831 3870 suae
1856 3821 1943 3870 roi
1964 3822 2249 3884 cuiusque.-
2282 3834 2349 3871 zu
2373 3820 2550 3870 cuius-

1674 3886 1869 3940 konnte
1922 3901 2040 3939 man
2095 3889 2227 3938 civis
2276 3887 2545 3952 erginzen,

1521 3902 1654 4007 mh
1688 3954 1819 4007 wird
1854 3969 1911 4007 es
1943 3954 2188 4022 richtiger
2222 3954 2300 4008 als
2330 3953 2549 4007 Femini-
