2813 4537
364 280 488 341 130
888 240 897 245 ’
956 279 1040 333 DE
1078 278 1339 332 omens
1375 278 1495 333 Lm.
1520 279 1576 332 11.
1632 278 1774 332 GAP.
1792 283 1842 333 4.
1879 282 1928 336 5.

369 473 512 536 pere
540 471 869 535 possemuS,
913 451 987 513 ab
1019 452 1356 534 eisdemque
1394 461 1453 514 et
1495 470 1647 533 quae
1691 459 1929 525 nocent,
1974 450 2412 514 interficiuntur
2456 462 2517 514 et

265 552 323 603 15
367 559 519 621 quae
548 537 684 600 usui
713 548 965 620 possunt
994 556 1143 614 esse,
1171 538 1506 618 capiuntur.
1560 536 1713 609 Quid
1744 554 2085 599 enumerem
2112 538 2328 600 artium
2357 538 2514 600 mul·

369 624 708 699 titudinem,
753 622 882 685 sine
912 622 1127 703 quibus
1169 623 1286 685 vita
1330 622 1577 684 omnino
1622 621 1781 684 nulla
1827 641 1955 684 esse
1997 620 2333 702 potuisset?
2398 622 2510 695 Qui

369 710 526 771 enim
568 709 760 787 aegris
803 708 1233 782 subveniretur,
1280 726 1430 788 quae
1468 717 1622 769 esset
1665 706 1981 769 oblectatio
2027 708 2365 781 valentium,
2410 708 2511 789 qui

365 795 555 856 victus
583 804 685 855 aut
708 794 922 866 cultus»,
959 793 1074 855 nisi
1103 802 1223 854 tam
1251 793 1469 855 multae
1501 791 1674 854 nobis
1702 802 1858 854 artes
1886 791 2335 855 ministrarent?
2379 795 2514 873 qui-
2553 802 2587 853 5

364 880 479 941 bus
507 878 687 941 rebus
716 878 943 941 exculta
971 878 1284 939 hominum
1320 878 1434 940 vita
1474 887 1702 939 tantum
1748 877 1926 939 distat
1968 897 2001 939 a
2043 878 2200 941 victu
2241 889 2306 940 et
2346 878 2513 942 cultu

368 965 706 1027 bestiarum.
752 961 753 964 ’
781 963 968 1026 Urbes
1007 982 1146 1025 vero
1181 964 1311 1025 siue
1339 963 1649 1025 hominum
1679 971 1855 1024 coetu
1884 982 2007 1025 non
2038 964 2372 1044 potuissent
2402 982 2514 1026 nec

367 1049 661 1112 aedificari
691 1067 802 1109 nec
821 1048 1204 1127 frequentari,
1236 1067 1306 1110 ex
1336 1067 1456 1129 quo
1485 1048 1647 1127 leges
1676 1065 1995 1129 moresque
2024 1049 2357 1124 constituti,
2384 1059 2514 1112 tum

366 1135 514 1197 iuris
556 1152 743 1214 aequa
786 1133 1093 1215 discriptio
1138 1143 1415 1213 certaque
1460 1133 1689 1194 vivendi
1733 1132 2073 1214 disciplina:
2128 1153 2273 1215 quas
2314 1153 2411 1196 res
2455 1146 2516 1195 et

367 1220 757 1281 mansuetudo
787 1217 1123 1280 animorum
1151 1227 1468 1290 consecuta
1499 1228 1559 1279 et
1585 1219 1936 1280 verecundia
1966 1229 2073 1292 est,
2120 1220 2513 1300 effectumque
2553 1222 2618 1274 10

370 1316 435 1366 ut
464 1313 618 1366 esset
647 1303 759 1365 vita
789 1303 1074 1365 munitior
1101 1313 1280 1385 atque
1316 1314 1382 1365 ut
1411 1303 1604 1365 dando
1635 1314 1695 1364 et
1720 1304 2064 1385 accipiendo
2094 1305 2514 1386 mutandisque

370 1388 749 1452 facultatibus
780 1398 837 1449 et
867 1389 1191 1450 commodis
1222 1388 1381 1450 nulla
1408 1407 1475 1450 re
1505 1407 1831 1468 egeremus.

297 1482 337 1538 5
540 1473 870 1554 Longiores
894 1474 1011 1535 hoc
1038 1473 1171 1535 loco
1200 1492 1408 1536 sumus
1434 1492 1611 1554 quam
1636 1493 1879 1536 necesse
1908 1483 2015 1535 est.
2063 1472 2207 1545 Quis
2235 1483 2327 1536 est
2355 1474 2515 1537 enim

265 1563 324 1614 16
368 1559 463 1621 cui
495 1578 616 1621 non
648 1559 959 1640 perspicua
988 1559 1106 1622 sint
1133 1559 1252 1634 illa,
1284 1578 1436 1640 quae
1465 1558 1738 1640 pluribus
1759 1559 1950 1622 verbis
1980 1578 2012 1620 a
2040 1558 2319 1624 Panaetio
2350 1579 2513 1622 com-

369 1653 793 1720 memorantur,
838 1645 1132 1706 neminem
1178 1664 1374 1726 neque
1417 1645 1627 1707 ducem
1661 1644 1819 1706 bello
1852 1663 1962 1707 nec
1991 1645 2322 1725 principem
2355 1643 2515 1707 domi
2558 1649 2619 1701 15

367 1748 610 1809 magnas
653 1748 750 1792 res
794 1739 853 1791 et
893 1729 1179 1791 salutares
1221 1730 1349 1792 sine
1387 1730 1700 1792 hominum
1725 1730 1939 1793 studiis
1967 1748 2176 1808 gerere
2248 1727 2514 1792 otuisse?

369 1814 875 1877 Commemoratur
908 1814 982 1877 ab
1025 1834 1096 1877 eo
1125 1815 1572 1890 ThemistocleS,
1614 1814 1895 1890 PericleS,
1938 1815 2142 1895 CyruS,
2187 1750 2512 1895 ⁴{jgesilauffi

367 1900 715 1976 Alexander,
762 1918 913 1979 quos
957 1909 1134 1979 negat
1162 1899 1289 1962 sine
1320 1899 1673 1962 adiumentis
1701 1900 2011 1961 hominum
2041 1909 2231 1962 tantas
2260 1919 2356 1961 res
2385 1901 2513 1962 effi-

370 2004 504 2047 cere
533 1986 814 2066 potuisse.
873 1984 1070 2046 Utitur
1103 1986 1165 2047 in
1197 2003 1264 2046 re
1293 2003 1417 2047 non
1447 1984 1625 2046 dubia
1653 1985 1900 2046 testibus
1928 2003 2049 2047 non
2084 1985 2448 2047 necessariis».

535 2074 730 2151 Atque
759 2078 826 2130 ut
852 2087 1096 2148 magnas
1125 2069 1408 2131 utilitates
1434 2070 1814 2150 adipiscimur
1845 2071 2286 2151 conspiratione
2321 2069 2513 2131 homi·
2557 2075 2622 2126 2ο

365 2155 514 2217 'num
541 2164 715 2234 atque
747 2172 1064 2228 consensu,
1109 2154 1194 2215 sic
1232 2153 1390 2216 nulla
1422 2163 1543 2215 tam
1585 2154 1942 2216 detestabilis
1987 2156 2169 2235 pestis
2210 2166 2317 2228 est,
2362 2174 2512 2236 quae

368 2259 492 2302 non
521 2238 749 2302 homini
779 2238 850 2300 ab
878 2239 1121 2302 homine
1151 2250 1443 2302 nascatur.
1488 2239 1594 2302 Est
1622 2239 1963 2302 Dicaearchi
1985 2239 2136 2303 liber
2164 2242 2237 2303 de
2265 2241 2514 2304 interitu

437 2393 486 2444 3.
516 2389 624 2455 Qui
641 2391 782 2440 enim
800 2391 979 2454 acgm‘s
1001 2391 1391 2455 subveniretur,

367 2458 471 2513 (1.1.
504 2473 641 2524 quae
676 2462 807 2508 essct
842 2474 932 2508 ars
964 2458 1228 2509 medendi.
1296 2457 1389 2510 Die

365 2526 517 2580 ndss.
539 2526 707 2578 haben
729 2526 884 2578 meist
908 2529 1004 2592 qui
1017 2555 1057 2564 -
1071 2529 1389 2579 subveniret.

366 2594 556 2647 Weder
590 2598 708 2661 quis
742 2594 878 2647 noch
913 2595 1048 2660 quid
1068 2597 1391 2660 subveniret,

366 2663 468 2716 wie
486 2663 570 2715 die
592 2662 810 2716 meisten
827 2661 1180 2729 Herausgeber
1203 2663 1391 2722 schrei-

364 2731 486 2792 ben,
503 2731 573 2782 ist
584 2730 820 2798 passend,
843 2730 977 2781 denn
998 2745 1054 2783 es
1076 2729 1202 2782 wird
1219 2731 1390 2783 weder

366 2798 499 2851 nach
544 2797 635 2850 der
678 2797 873 2850 Person
919 2797 1054 2850 noch
1100 2799 1232 2850 nach
1272 2798 1389 2851 dem

365 2865 537 2919 Mittel
585 2864 810 2931 gefragt‚
862 2866 1082 2917 sondern
1133 2867 1265 2918 nach
1300 2866 1390 2919 der

368 2932 544 2984 Weise
589 2932 678 2984 der
711 2932 1049 2997 Moglichkeit
1095 2950 1159 2986 zu
1201 2934 1388 2991 heilen.

438 3004 485 3054 6.
544 3005 691 3052 victu
749 3004 803 3050 ct
861 3001 1008 3052 cultu
1066 3003 1360 3053 bestiarum
1369 3021 1388 3053 .·

368 3071 559 3122 ebenso
592 3068 720 3121 wird
754 3084 881 3119 usus
917 3073 969 3119 ct
1005 3069 1180 3121 cultus
1213 3068 1389 3138 hauflg

365 3135 679 3191 verbunden.
725 3135 893 3188 Ueber
928 3136 1029 3188 den
1052 3136 1389 3191 Unterschied

366 3222 472 3260 von
506 3209 681 3257 victus
702 3204 809 3257 und
834 3205 1010 3257 cultus
1045 3222 1086 3259 s.
1112 3221 1158 3260 z.
1181 3205 1203 3258 1
1226 3208 1257 3270 ἓ
1279 3210 1389 3260 106.

366 3274 574 3327 Danach
592 3272 730 3326 kann
750 3274 925 3325 cultus
950 3274 1021 3324 im
1045 3274 1389 3340 cigentlichen

369 3342 526 3395 Sinne
543 3341 687 3393 nicht
701 3357 804 3393 von
818 3340 1039 3394 Thieren
1058 3349 1241 3409 gesagt
1260 3359 1390 3396 wer-

1491 2389 1829 2457 Vertheilung
1846 2390 1936 2443 der
1958 2390 2190 2458 privaten
2210 2390 2422 2457 Rechte,
2445 2391 2516 2442 im

1492 2457 1781 2525 Gegensatz
1806 2475 1869 2511 zu
1897 2459 2064 2524 leges,·
2097 2475 2197 2513 S.z.
2216 2458 2238 2511 1
2256 2459 2384 2525 §21.
2405 2461 2513 2512 124.

1566 2530 1645 2580 11.
1662 2527 1937 2578 mutandis
1945 2527 2302 2588 facultatibus
2314 2532 2365 2577 et
2378 2543 2517 2578 com-

1491 2596 1692 2647 modis.-
1729 2611 1787 2647 so
1823 2595 1990 2648 haben
2027 2595 2111 2647 die
2144 2595 2328 2647 besten
2363 2594 2515 2650 Hdss.

1494 2661 1732 2716 Schreibt
1757 2679 1873 2715 man
1901 2663 1995 2715 mit
2025 2662 2126 2715 den
2152 2662 2371 2716 meisten
2394 2663 2517 2714 Her-

1493 2732 1778 2798 ausgebern
1814 2732 2239 2797 commodandis,
2276 2747 2334 2783 so
2369 2736 2518 2798 passt

1491 2800 1766 2850 mutandis
1796 2800 1936 2851 nicht
1955 2799 2085 2852 dazu
2103 2800 2180 2852 als
2199 2799 2517 2866 Gegensatz;

1490 2883 1608 2920 man
1643 2871 1839 2920 musste
1875 2867 2010 2919 daun
2038 2869 2169 2920 auch
2200 2868 2520 2919 mutuandis

1491 2936 1773 2988 schreiben.
1843 2934 1959 3002 Vgl.
1996 2934 2018 2987 1
2052 2935 2085 3002 ξ
2116 2939 2179 2989 22
2214 2939 2519 2987 mutatione

1491 3002 1815 3067 officiorum.
1847 3004 2163 3065 mutuandis
2177 3004 2288 3065 fac.
2309 3009 2361 3054 ct
2379 3019 2518 3054 com-

1489 3072 1773 3122 modandis
1808 3071 1945 3122 citirt
1980 3071 2177 3124 Nonius
2212 3087 2264 3138 p.
2292 3075 2407 3135 275,
2435 3076 2514 3126 15.

1565 3143 1643 3192 15.
1695 3139 1848 3190 bello.
1916 3138 2018 3191 Das
2053 3140 2411 3205 gewohnliche
2445 3141 2517 3192 ist

1492 3206 1547 3261 iu
1598 3206 1766 3258 dieser
1821 3206 2024 3259 Formel
2061 3208 2201 3258 belli
2250 3208 2516 3274 domique,

1493 3275 1615 3326 aber
1632 3274 1736 3341 vgl.
1751 3274 1857 3327 Liv,
1875 3274 1896 3326 1
1916 3278 1998 3340 34,
2016 3278 2077 3328 12
2097 3276 2232 3327 bello
2252 3276 2514 3342 domique.

1490 3341 1559 3393 lx
1595 3345 1687 3408 26,
1725 3345 1783 3394 21
1827 3343 1975 3394 domi
2009 3344 2261 3410 belloque.

369 3410 494 3471 den;
529 3409 639 3462 hier
676 3409 850 3461 wurde
883 3410 1058 3463 indess
1090 3410 1193 3464 Cic.
1229 3410 1390 3463 durch

368 3478 468 3531 den
490 3476 766 3544 Vergleich
799 3477 962 3530 selbst
986 3478 1296 3544 veranlasst,
1332 3494 1390 3531 es

369 3547 458 3600 auf
487 3546 571 3599 die
595 3545 780 3598 Thiere
813 3561 877 3598 zu
911 3545 1243 3613 fibertragen,
1285 3546 1391 3598 und

367 3614 527 3667 denkt
561 3614 710 3667 dabei
744 3630 809 3666 an
846 3613 929 3665 die
963 3614 1144 3681 fibrige
1168 3615 1390 3668 Lebens-

366 3684 586 3802 lurgis&l
597 3682 878 3803 Woflpung
922 3682 1028 3735 und
1063 3682 1390 3735 zusammen-

388 3767 416 3802 e
453 3766 518 3802 en
587 3766 699 3803 erse
756 3765 836 3802 en.

437 3822 484 3872 8.
537 3835 606 3869 σω
640 3835 772 3883 quo,
827 3818 877 3872 d.
914 3818 947 3871 i.
1002 3818 1056 3870 in
1090 3817 1250 3886 Folge
1300 3818 1390 3871 der

367 3885 565 3952 Anlage
598 3901 703 3939 von
739 3885 972 3938 Stfidten.

437 3956 489 4009 9.
505 3956 644 4006 iuris
660 3970 832 4020 aequa
849 3954 1158 4022 discriptio,
1188 3955 1388 4022 gleiche

1562 3413 1643 3462 22.
1678 3416 1968 3462 nascatur:
2014 3417 2166 3464 nasci
2197 3413 2251 3463 in
2284 3413 2516 3464 ubertra-

1492 3492 1675 3544 genem
1695 3477 1852 3531 Sinne
1872 3480 1972 3531 wie
2003 3480 2066 3532 de
2085 3486 2190 3534 nat.
2211 3481 2348 3534 deor.
2366 3479 2409 3531 11
2430 3483 2514 3544 23,

1492 3550 1558 3599 60
1594 3546 1748 3612 illud,
1784 3549 1931 3613 quod
1962 3553 2083 3599 erat
2118 3565 2152 3600 a
2186 3548 2283 3599 deo
2307 3553 2515 3614 natum,

1491 3618 1707 3666 nominc
1740 3618 1910 3682 ipsius
1945 3617 2033 3668 dci
2065 3619 2467 3682 nuncupabant.

1559 3683 1925 3736 Dicaearchus
1952 3700 2056 3737 von
2071 3683 2326 3750 Messana,
2351 3683 2519 3737 Schu-

1489 3750 1567 3802 ler
1619 3751 1711 3804 des
1762 3751 2096 3819 Aristoteles,
2150 3754 2350 3806 erwarh
2402 3753 2515 3807 sich

1491 3819 1645 3873 theils
1705 3819 1864 3873 durch
1933 3821 2516 3888 geographisch-histo-

1488 3888 1674 3952 rische,
1710 3889 1865 3941 theils
1901 3889 2061 3942 durch
2094 3889 2517 3958 philosophische

1493 3954 1751 4009 Schriften
1804 3972 2019 4024 grossen
2061 3956 2257 4024 Ruhm,
2312 3957 2520 4011 scheint
