<?xml version="1.0" encoding="UTF-8"?>
<!DOCTYPE html PUBLIC "-//W3C//DTD XHTML 1.0 Transitional//EN"
    "http://www.w3.org/TR/xhtml1/DTD/xhtml1-transitional.dtd">
<html xmlns="http://www.w3.org/1999/xhtml" xml:lang="en" lang="en">
 <head>
  <title>
</title>
<meta http-equiv="Content-Type" content="text/html;charset=utf-8" />
  <meta name='ocr-system' content='tesseract 3.04.00' />
  <meta name='ocr-capabilities' content='ocr_page ocr_carea ocr_par ocr_line ocrx_word'/>
</head>
<body>
  <div class='ocr_page' id='page_1' title='image "./mtulliiciceroni01heingoog_0051.png"; bbox 0 0 2813 4537; ppageno 0'>
   <div class='ocr_carea' id='block_1_1' title="bbox 849 284 2390 345">
    <p class='ocr_par' dir='ltr' id='par_1_1' title="bbox 849 284 2390 345">
     <span class='ocr_line' id='line_1_1' title="bbox 849 284 2390 345; baseline 0.005 -7"><span class='ocrx_word' id='word_1_1' title='bbox 849 285 935 339; x_wconf 87' lang='lat' dir='ltr'><strong>DE</strong></span> <span class='ocrx_word' id='word_1_2' title='bbox 971 285 1233 339; x_wconf 84' lang='lat' dir='ltr'>OFFICIIS</span> <span class='ocrx_word' id='word_1_3' title='bbox 1269 284 1389 340; x_wconf 78' lang='lat' dir='ltr'><strong>Lm.</strong></span> <span class='ocrx_word' id='word_1_4' title='bbox 1426 286 1462 340; x_wconf 87' lang='lat'><strong>1.</strong></span> <span class='ocrx_word' id='word_1_5' title='bbox 1534 284 1676 341; x_wconf 81' lang='lat' dir='ltr'><strong>GAP.</strong></span> <span class='ocrx_word' id='word_1_6' title='bbox 1714 291 1762 341; x_wconf 88' lang='lat'><strong>7.</strong></span> <span class='ocrx_word' id='word_1_7' title='bbox 2308 284 2390 345; x_wconf 87' lang='lat'><strong>45</strong></span> 
     </span>
    </p>
   </div>
   <div class='ocr_carea' id='block_1_2' title="bbox 128 458 2590 1651">
    <p class='ocr_par' dir='ltr' id='par_1_2' title="bbox 128 458 2590 1651">
     <span class='ocr_line' id='line_1_2' title="bbox 232 458 2394 542; baseline 0 -20"><span class='ocrx_word' id='word_1_8' title='bbox 232 459 610 533; x_wconf 84' lang='lat' dir='ltr'><strong>eulanorum,</strong></span> <span class='ocrx_word' id='word_1_9' title='bbox 653 458 980 541; x_wconf 89' lang='lat' dir='ltr'><strong>similisque</strong></span> <span class='ocrx_word' id='word_1_10' title='bbox 1023 468 1114 522; x_wconf 89' lang='lat' dir='ltr'><strong>est</strong></span> <span class='ocrx_word' id='word_1_11' title='bbox 1153 460 1512 541; x_wconf 78' lang='lat' dir='ltr'><strong>privatarum</strong></span> <span class='ocrx_word' id='word_1_12' title='bbox 1558 459 2006 541; x_wconf 86' lang='lat' dir='ltr'><strong>possessionum</strong></span> <span class='ocrx_word' id='word_1_13' title='bbox 2055 460 2394 542; x_wconf 81' lang='lat' dir='ltr'><strong>descriptio.</strong></span> 
     </span>
     <span class='ocr_line' id='line_1_3' title="bbox 233 545 2397 626; baseline 0.001 -20"><span class='ocrx_word' id='word_1_14' title='bbox 233 545 325 607; x_wconf 84' lang='lat' dir='ltr'><strong>Ex</strong></span> <span class='ocrx_word' id='word_1_15' title='bbox 370 562 511 624; x_wconf 80' lang='lat' dir='ltr'><strong>quo,</strong></span> <span class='ocrx_word' id='word_1_16' title='bbox 569 545 705 625; x_wconf 82' lang='lat' dir='ltr'><strong>quia</strong></span> <span class='ocrx_word' id='word_1_17' title='bbox 756 562 929 606; x_wconf 88' lang='lat' dir='ltr'><strong>suum</strong></span> <span class='ocrx_word' id='word_1_18' title='bbox 982 545 1273 626; x_wconf 80' lang='lat' dir='ltr'><strong>cuiusque</strong></span> <span class='ocrx_word' id='word_1_19' title='bbox 1323 546 1409 619; x_wconf 84' lang='lat' dir='ltr'><strong>fit,</strong></span> <span class='ocrx_word' id='word_1_20' title='bbox 1462 563 1689 621; x_wconf 84' lang='lat' dir='ltr'><strong>eorum,</strong></span> <span class='ocrx_word' id='word_1_21' title='bbox 1741 563 1894 625; x_wconf 82' lang='lat' dir='ltr'><strong>quae</strong></span> <span class='ocrx_word' id='word_1_22' title='bbox 1923 553 2135 609; x_wconf 83' lang='lat' dir='ltr'><strong>natura</strong></span> <span class='ocrx_word' id='word_1_23' title='bbox 2164 545 2397 608; x_wconf 76' lang='lat' dir='ltr'><strong>fuerant</strong></span> 
     </span>
     <span class='ocr_line' id='line_1_4' title="bbox 235 630 2399 713; baseline 0.001 -22"><span class='ocrx_word' id='word_1_24' title='bbox 235 630 596 705; x_wconf 83' lang='lat' dir='ltr'><strong>eommunia,</strong></span> <span class='ocrx_word' id='word_1_25' title='bbox 628 630 789 711; x_wconf 89' lang='lat' dir='ltr'><strong>quod</strong></span> <span class='ocrx_word' id='word_1_26' title='bbox 812 630 1027 711; x_wconf 82' lang='lat' dir='ltr'><strong>cuique</strong></span> <span class='ocrx_word' id='word_1_27' title='bbox 1050 630 1283 713; x_wconf 83' lang='lat' dir='ltr'>optigit,</span> <span class='ocrx_word' id='word_1_28' title='bbox 1314 631 1373 692; x_wconf 90' lang='lat' dir='ltr'><strong>id</strong></span> <span class='ocrx_word' id='word_1_29' title='bbox 1399 630 1651 712; x_wconf 88' lang='lat' dir='ltr'><strong>quisque</strong></span> <span class='ocrx_word' id='word_1_30' title='bbox 1680 639 1916 705; x_wconf 83' lang='lat' dir='ltr'><strong>teneat;</strong></span> <span class='ocrx_word' id='word_1_31' title='bbox 1947 631 2022 692; x_wconf 91' lang='lat' dir='ltr'><strong>de</strong></span> <span class='ocrx_word' id='word_1_32' title='bbox 2043 649 2165 711; x_wconf 87' lang='lat' dir='ltr'><strong>quo</strong></span> <span class='ocrx_word' id='word_1_33' title='bbox 2189 632 2240 694; x_wconf 89' lang='lat' dir='ltr'><strong>si</strong></span> <span class='ocrx_word' id='word_1_34' title='bbox 2264 632 2399 712; x_wconf 88' lang='lat' dir='ltr'><strong>quis</strong></span> 
     </span>
     <span class='ocr_line' id='line_1_5' title="bbox 237 714 2590 798; baseline 0 -21"><span class='ocrx_word' id='word_1_35' title='bbox 237 714 354 777; x_wconf 85' lang='lat' dir='ltr'><strong>sibi</strong></span> <span class='ocrx_word' id='word_1_36' title='bbox 406 722 683 798; x_wconf 80' lang='lat' dir='ltr'><strong>appetet,</strong></span> <span class='ocrx_word' id='word_1_37' title='bbox 735 715 974 778; x_wconf 80' lang='lat' dir='ltr'><strong>violabit</strong></span> <span class='ocrx_word' id='word_1_38' title='bbox 1002 717 1098 779; x_wconf 89' lang='lat' dir='ltr'><strong>ius</strong></span> <span class='ocrx_word' id='word_1_39' title='bbox 1127 718 1419 778; x_wconf 77' lang='lat' dir='ltr'><strong>humanae</strong></span> <span class='ocrx_word' id='word_1_40' title='bbox 1450 715 1767 778; x_wconf 80' lang='lat' dir='ltr'><strong>societatis.</strong></span> <span class='ocrx_word' id='word_1_41' title='bbox 1854 715 1969 777; x_wconf 86' lang='lat' dir='ltr'><strong>Sed</strong></span> <span class='ocrx_word' id='word_1_42' title='bbox 2002 717 2304 796; x_wconf 80' lang='lat' dir='ltr'><strong>quoniam,</strong></span> <span class='ocrx_word' id='word_1_43' title='bbox 2333 725 2401 779; x_wconf 88' lang='lat' dir='ltr'><strong>ut</strong></span> <span class='ocrx_word' id='word_1_44' title='bbox 2442 725 2501 777; x_wconf 82' lang='lat'><strong>22</strong></span> <span class='ocrx_word' id='word_1_45' title='bbox 2585 753 2590 756; x_wconf 92' lang='lat'><em>-</em></span> 
     </span>
     <span class='ocr_line' id='line_1_6' title="bbox 157 799 2399 883; baseline 0.001 -21"><span class='ocrx_word' id='word_1_46' title='bbox 157 812 192 863; x_wconf 79' lang='lat'>5</span> <span class='ocrx_word' id='word_1_47' title='bbox 235 799 538 883; x_wconf 75' lang='lat' dir='ltr'><strong>praeclare</strong></span> <span class='ocrx_word' id='word_1_48' title='bbox 582 801 872 881; x_wconf 75' lang='lat' dir='ltr'><strong>seriptum</strong></span> <span class='ocrx_word' id='word_1_49' title='bbox 914 812 1004 864; x_wconf 87' lang='lat' dir='ltr'><strong>est</strong></span> <span class='ocrx_word' id='word_1_50' title='bbox 1042 821 1077 864; x_wconf 82' lang='lat' dir='ltr'>a</span> <span class='ocrx_word' id='word_1_51' title='bbox 1117 800 1385 878; x_wconf 77' lang='lat' dir='ltr'><strong>Platone,</strong></span> <span class='ocrx_word' id='word_1_52' title='bbox 1429 819 1552 863; x_wconf 86' lang='lat' dir='ltr'><strong>non</strong></span> <span class='ocrx_word' id='word_1_53' title='bbox 1600 800 1775 863; x_wconf 87' lang='lat' dir='ltr'><strong>nobis</strong></span> <span class='ocrx_word' id='word_1_54' title='bbox 1816 801 2007 863; x_wconf 87' lang='lat' dir='ltr'><strong>solum</strong></span> <span class='ocrx_word' id='word_1_55' title='bbox 2040 802 2162 864; x_wconf 84' lang='lat' dir='ltr'><strong>nati</strong></span> <span class='ocrx_word' id='word_1_56' title='bbox 2192 819 2399 865; x_wconf 88' lang='lat' dir='ltr'><strong>sumus</strong></span> 
     </span>
     <span class='ocr_line' id='line_1_7' title="bbox 239 884 2403 968; baseline 0 -21"><span class='ocrx_word' id='word_1_57' title='bbox 239 895 528 968; x_wconf 83' lang='lat' dir='ltr'><strong>ortusque</strong></span> <span class='ocrx_word' id='word_1_58' title='bbox 571 886 761 948; x_wconf 78' lang='lat' dir='ltr'><strong>nostri</strong></span> <span class='ocrx_word' id='word_1_59' title='bbox 803 895 1030 968; x_wconf 82' lang='lat' dir='ltr'><strong>partem</strong></span> <span class='ocrx_word' id='word_1_60' title='bbox 1072 887 1263 968; x_wconf 78' lang='lat' dir='ltr'><strong>patria</strong></span> <span class='ocrx_word' id='word_1_61' title='bbox 1301 886 1578 962; x_wconf 81' lang='lat' dir='ltr'><strong>vindieat,</strong></span> <span class='ocrx_word' id='word_1_62' title='bbox 1620 894 1850 967; x_wconf 79' lang='lat' dir='ltr'><strong>partem</strong></span> <span class='ocrx_word' id='word_1_63' title='bbox 1890 884 2084 961; x_wconf 82' lang='lat' dir='ltr'><strong>amici,</strong></span> <span class='ocrx_word' id='word_1_64' title='bbox 2127 895 2307 967; x_wconf 83' lang='lat' dir='ltr'><strong>atque</strong></span> <span class='ocrx_word' id='word_1_65' title='bbox 2334 897 2403 950; x_wconf 90' lang='lat' dir='ltr'><strong>ut</strong></span> 
     </span>
     <span class='ocr_line' id='line_1_8' title="bbox 236 970 2401 1052; baseline 0.001 -20"><span class='ocrx_word' id='word_1_66' title='bbox 236 970 435 1052; x_wconf 76' lang='lat' dir='ltr'><strong>placet</strong></span> <span class='ocrx_word' id='word_1_67' title='bbox 464 972 703 1047; x_wconf 85' lang='lat' dir='ltr'><strong>Stoicis,</strong></span> <span class='ocrx_word' id='word_1_68' title='bbox 734 990 886 1052; x_wconf 80' lang='lat' dir='ltr'><strong>quae</strong></span> <span class='ocrx_word' id='word_1_69' title='bbox 916 972 980 1034; x_wconf 90' lang='lat' dir='ltr'><strong>in</strong></span> <span class='ocrx_word' id='word_1_70' title='bbox 1008 972 1184 1034; x_wconf 86' lang='lat' dir='ltr'><strong>terris</strong></span> <span class='ocrx_word' id='word_1_71' title='bbox 1213 972 1537 1052; x_wconf 78' lang='lat' dir='ltr'><strong>gignantur</strong></span> <span class='ocrx_word' id='word_1_72' title='bbox 1565 971 1638 1034; x_wconf 85' lang='lat' dir='ltr'><strong>ad</strong></span> <span class='ocrx_word' id='word_1_73' title='bbox 1669 990 1844 1034; x_wconf 84' lang='lat' dir='ltr'><strong>usum</strong></span> <span class='ocrx_word' id='word_1_74' title='bbox 1866 970 2177 1034; x_wconf 87' lang='lat' dir='ltr'><strong>hominum</strong></span> <span class='ocrx_word' id='word_1_75' title='bbox 2201 973 2401 1034; x_wconf 82' lang='lat' dir='ltr'><strong>omnia</strong></span> 
     </span>
     <span class='ocr_line' id='line_1_9' title="bbox 237 1056 2464 1139; baseline 0 -21"><span class='ocrx_word' id='word_1_76' title='bbox 237 1057 448 1133; x_wconf 75' lang='lat' dir='ltr'><strong>creari,</strong></span> <span class='ocrx_word' id='word_1_77' title='bbox 496 1056 773 1119; x_wconf 81' lang='lat' dir='ltr'><strong>homines</strong></span> <span class='ocrx_word' id='word_1_78' title='bbox 825 1065 1021 1120; x_wconf 84' lang='lat' dir='ltr'><strong>autem</strong></span> <span class='ocrx_word' id='word_1_79' title='bbox 1071 1057 1379 1137; x_wconf 75' lang='lat' dir='ltr'><strong>hominum</strong></span> <span class='ocrx_word' id='word_1_80' title='bbox 1432 1075 1608 1119; x_wconf 80' lang='lat' dir='ltr'><strong>eausa</strong></span> <span class='ocrx_word' id='word_1_81' title='bbox 1652 1075 1783 1119; x_wconf 89' lang='lat' dir='ltr'><strong>esse</strong></span> <span class='ocrx_word' id='word_1_82' title='bbox 1827 1064 2158 1136; x_wconf 60' lang='lat' dir='ltr'><strong>generum,</strong></span> <span class='ocrx_word' id='word_1_83' title='bbox 2188 1066 2256 1120; x_wconf 89' lang='lat' dir='ltr'><strong>ut</strong></span> <span class='ocrx_word' id='word_1_84' title='bbox 2283 1057 2401 1139; x_wconf 86' lang='lat' dir='ltr'><strong>ipsi</strong></span> <span class='ocrx_word' id='word_1_85' title='bbox 2457 1125 2464 1131; x_wconf 55' lang='grc'><strong>,</strong></span> 
     </span>
     <span class='ocr_line' id='line_1_10' title="bbox 238 1138 2403 1224; baseline 0.001 -21"><span class='ocrx_word' id='word_1_86' title='bbox 238 1143 397 1204; x_wconf 82' lang='lat' dir='ltr'><strong>inter</strong></span> <span class='ocrx_word' id='word_1_87' title='bbox 439 1160 506 1204; x_wconf 88' lang='lat' dir='ltr'><strong>se</strong></span> <span class='ocrx_word' id='word_1_88' title='bbox 548 1142 677 1205; x_wconf 83' lang='lat' dir='ltr'><strong>aliis</strong></span> <span class='ocrx_word' id='word_1_89' title='bbox 719 1141 820 1205; x_wconf 85' lang='lat' dir='ltr'><strong>alii</strong></span> <span class='ocrx_word' id='word_1_90' title='bbox 860 1144 1144 1224; x_wconf 76' lang='lat' dir='ltr'>prodesse</span> <span class='ocrx_word' id='word_1_91' title='bbox 1172 1138 1440 1224; x_wconf 85' lang='lat' dir='ltr'><strong>possent,</strong></span> <span class='ocrx_word' id='word_1_92' title='bbox 1469 1143 1532 1204; x_wconf 89' lang='lat' dir='ltr'><strong>in</strong></span> <span class='ocrx_word' id='word_1_93' title='bbox 1560 1144 1679 1205; x_wconf 85' lang='lat' dir='ltr'><strong>hoe</strong></span> <span class='ocrx_word' id='word_1_94' title='bbox 1698 1150 1966 1204; x_wconf 80' lang='lat' dir='ltr'><strong>naturam</strong></span> <span class='ocrx_word' id='word_1_95' title='bbox 1990 1141 2275 1205; x_wconf 87' lang='lat' dir='ltr'><strong>dehemus</strong></span> <span class='ocrx_word' id='word_1_96' title='bbox 2291 1143 2403 1204; x_wconf 88' lang='lat' dir='ltr'><strong>du-</strong></span> 
     </span>
     <span class='ocr_line' id='line_1_11' title="bbox 128 1227 2402 1309; baseline 0 -19"><span class='ocrx_word' id='word_1_97' title='bbox 128 1236 194 1291; x_wconf 74' lang='lat'><strong>10</strong></span> <span class='ocrx_word' id='word_1_98' title='bbox 239 1246 368 1290; x_wconf 80' lang='lat' dir='ltr'><strong>cem</strong></span> <span class='ocrx_word' id='word_1_99' title='bbox 422 1228 613 1309; x_wconf 84' lang='lat' dir='ltr'><strong>sequi,</strong></span> <span class='ocrx_word' id='word_1_100' title='bbox 666 1246 1015 1291; x_wconf 80' lang='lat' dir='ltr'><strong>communes</strong></span> <span class='ocrx_word' id='word_1_101' title='bbox 1063 1228 1350 1291; x_wconf 80' lang='lat' dir='ltr'><strong>utilitates</strong></span> <span class='ocrx_word' id='word_1_102' title='bbox 1399 1228 1463 1290; x_wconf 91' lang='lat' dir='ltr'><strong>in</strong></span> <span class='ocrx_word' id='word_1_103' title='bbox 1514 1227 1775 1289; x_wconf 90' lang='lat' dir='ltr'><strong>medium</strong></span> <span class='ocrx_word' id='word_1_104' title='bbox 1820 1227 2032 1290; x_wconf 78' lang='lat' dir='ltr'><strong>afferre</strong></span> <span class='ocrx_word' id='word_1_105' title='bbox 2073 1228 2402 1290; x_wconf 81' lang='lat' dir='ltr'><strong>mutatione</strong></span> 
     </span>
     <span class='ocr_line' id='line_1_12' title="bbox 243 1311 2401 1395; baseline 0 -21"><span class='ocrx_word' id='word_1_106' title='bbox 243 1311 611 1389; x_wconf 81' lang='lat' dir='ltr'><strong>officiorum,</strong></span> <span class='ocrx_word' id='word_1_107' title='bbox 641 1313 848 1376; x_wconf 84' lang='lat' dir='ltr'><strong>dando</strong></span> <span class='ocrx_word' id='word_1_108' title='bbox 891 1313 1273 1395; x_wconf 78' lang='lat' dir='ltr'><strong>accipiendo,</strong></span> <span class='ocrx_word' id='word_1_109' title='bbox 1317 1322 1447 1376; x_wconf 90' lang='lat' dir='ltr'><strong>tum</strong></span> <span class='ocrx_word' id='word_1_110' title='bbox 1487 1312 1732 1387; x_wconf 84' lang='lat' dir='ltr'><strong>artibus,</strong></span> <span class='ocrx_word' id='word_1_111' title='bbox 1773 1321 1903 1376; x_wconf 88' lang='lat' dir='ltr'><strong>tum</strong></span> <span class='ocrx_word' id='word_1_112' title='bbox 1933 1330 2135 1393; x_wconf 83' lang='lat' dir='ltr'><strong>opera,</strong></span> <span class='ocrx_word' id='word_1_113' title='bbox 2163 1322 2292 1375; x_wconf 90' lang='lat' dir='ltr'><strong>tum</strong></span> <span class='ocrx_word' id='word_1_114' title='bbox 2315 1314 2401 1376; x_wconf 76' lang='lat' dir='ltr'><strong>fa-</strong></span> 
     </span>
     <span class='ocr_line' id='line_1_13' title="bbox 242 1398 2506 1462; baseline -0.001 -2"><span class='ocrx_word' id='word_1_115' title='bbox 242 1398 565 1462; x_wconf 75' lang='lat' dir='ltr'><strong>cultatibus</strong></span> <span class='ocrx_word' id='word_1_116' title='bbox 591 1399 889 1462; x_wconf 81' lang='lat' dir='ltr'><strong>devincire</strong></span> <span class='ocrx_word' id='word_1_117' title='bbox 917 1399 1228 1462; x_wconf 88' lang='lat' dir='ltr'><strong>hominum</strong></span> <span class='ocrx_word' id='word_1_118' title='bbox 1256 1400 1414 1462; x_wconf 80' lang='lat' dir='ltr'><strong>inter</strong></span> <span class='ocrx_word' id='word_1_119' title='bbox 1441 1398 1719 1460; x_wconf 89' lang='lat' dir='ltr'><strong>homines</strong></span> <span class='ocrx_word' id='word_1_120' title='bbox 1747 1398 2107 1460; x_wconf 79' lang='lat' dir='ltr'><strong>societatem.</strong></span> <span class='ocrx_word' id='word_1_121' title='bbox 2166 1398 2400 1461; x_wconf 79' lang='lat' dir='ltr'><strong>Funda—</strong></span> <span class='ocrx_word' id='word_1_122' title='bbox 2444 1406 2506 1457; x_wconf 81' lang='lat'><strong>23</strong></span> 
     </span>
     <span class='ocr_line' id='line_1_14' title="bbox 238 1483 2403 1560; baseline -0 -14"><span class='ocrx_word' id='word_1_123' title='bbox 238 1493 510 1547; x_wconf 88' lang='lat' dir='ltr'><strong>mentum</strong></span> <span class='ocrx_word' id='word_1_124' title='bbox 551 1492 747 1546; x_wconf 82' lang='lat' dir='ltr'><strong>autem</strong></span> <span class='ocrx_word' id='word_1_125' title='bbox 790 1492 883 1546; x_wconf 86' lang='lat' dir='ltr'><strong>est</strong></span> <span class='ocrx_word' id='word_1_126' title='bbox 925 1484 1183 1548; x_wconf 83' lang='lat' dir='ltr'><strong>iustitiae</strong></span> <span class='ocrx_word' id='word_1_127' title='bbox 1212 1484 1381 1560; x_wconf 87' lang='lat' dir='ltr'><strong>fides,</strong></span> <span class='ocrx_word' id='word_1_128' title='bbox 1409 1484 1469 1546; x_wconf 89' lang='lat' dir='ltr'><strong>id</strong></span> <span class='ocrx_word' id='word_1_129' title='bbox 1500 1491 1591 1545; x_wconf 88' lang='lat' dir='ltr'><strong>est</strong></span> <span class='ocrx_word' id='word_1_130' title='bbox 1620 1483 1916 1546; x_wconf 85' lang='lat' dir='ltr'><strong>dictorum</strong></span> <span class='ocrx_word' id='word_1_131' title='bbox 1944 1492 2403 1546; x_wconf 80' lang='lat' dir='ltr'><strong>conventorum-</strong></span> 
     </span>
     <span class='ocr_line' id='line_1_15' title="bbox 243 1569 2408 1651; baseline 0 -20"><span class='ocrx_word' id='word_1_132' title='bbox 243 1588 362 1649; x_wconf 90' lang='lat' dir='ltr'><strong>que</strong></span> <span class='ocrx_word' id='word_1_133' title='bbox 403 1570 740 1633; x_wconf 81' lang='lat' dir='ltr'><strong>eonstantia</strong></span> <span class='ocrx_word' id='word_1_134' title='bbox 781 1580 838 1631; x_wconf 85' lang='lat' dir='ltr'><strong>et</strong></span> <span class='ocrx_word' id='word_1_135' title='bbox 880 1570 1112 1632; x_wconf 84' lang='lat' dir='ltr'><strong>veritas.</strong></span> <span class='ocrx_word' id='word_1_136' title='bbox 1199 1570 1290 1632; x_wconf 84' lang='lat' dir='ltr'><strong>Ex</strong></span> <span class='ocrx_word' id='word_1_137' title='bbox 1342 1589 1485 1651; x_wconf 91' lang='lat' dir='ltr'><strong>quo,</strong></span> <span class='ocrx_word' id='word_1_138' title='bbox 1540 1587 1895 1650; x_wconf 84' lang='lat' dir='ltr'><strong>quamquam</strong></span> <span class='ocrx_word' id='word_1_139' title='bbox 1947 1570 2064 1631; x_wconf 84' lang='lat' dir='ltr'><strong>hoc</strong></span> <span class='ocrx_word' id='word_1_140' title='bbox 2112 1569 2408 1632; x_wconf 83' lang='lat' dir='ltr'><strong>videbitur</strong></span> 
     </span>
    </p>
   </div>
   <div class='ocr_carea' id='block_1_3' title="bbox 228 1735 2473 3919">
    <p class='ocr_par' dir='ltr' id='par_1_3' title="bbox 243 1735 2410 2007">
     <span class='ocr_line' id='line_1_16' title="bbox 315 1735 2408 1804; baseline -0 -15"><span class='ocrx_word' id='word_1_141' title='bbox 315 1740 361 1789; x_wconf 91' lang='lat'><strong>1.</strong></span> <span class='ocrx_word' id='word_1_142' title='bbox 415 1737 732 1804; x_wconf 68' lang='lat' dir='ltr'><strong>dueriptio,</strong></span> <span class='ocrx_word' id='word_1_143' title='bbox 778 1736 860 1790; x_wconf 84' lang='lat' dir='ltr'><strong>die</strong></span> <span class='ocrx_word' id='word_1_144' title='bbox 896 1736 1274 1803; x_wconf 79' lang='lat' dir='ltr'><strong>Bezeiehnung.</strong></span> <span class='ocrx_word' id='word_1_145' title='bbox 1377 1752 1486 1800; x_wconf 73' lang='lat' dir='ltr'><strong>ros,</strong></span> <span class='ocrx_word' id='word_1_146' title='bbox 1518 1751 1723 1788; x_wconf 75' lang='lat' dir='ltr'><strong>vereor.</strong></span> <span class='ocrx_word' id='word_1_147' title='bbox 1770 1735 2107 1802; x_wconf 81' lang='lat' dir='ltr'><strong>Verr.1V19‚</strong></span> <span class='ocrx_word' id='word_1_148' title='bbox 2126 1740 2193 1790; x_wconf 82' lang='lat'><strong>40</strong></span> <span class='ocrx_word' id='word_1_149' title='bbox 2219 1741 2272 1788; x_wconf 86' lang='lat' dir='ltr'><strong>et</strong></span> <span class='ocrx_word' id='word_1_150' title='bbox 2293 1742 2408 1789; x_wconf 83' lang='lat' dir='ltr'><strong>tum</strong></span> 
     </span>
     <span class='ocr_line' id='line_1_17' title="bbox 243 1804 2410 1873; baseline 0 -16"><span class='ocrx_word' id='word_1_151' title='bbox 243 1805 395 1858; x_wconf 86' lang='lat' dir='ltr'><strong>Aueh</strong></span> <span class='ocrx_word' id='word_1_152' title='bbox 429 1804 512 1859; x_wconf 87' lang='lat' dir='ltr'><strong>die</strong></span> <span class='ocrx_word' id='word_1_153' title='bbox 547 1806 784 1873; x_wconf 77' lang='lat' dir='ltr'><strong>privaten</strong></span> <span class='ocrx_word' id='word_1_154' title='bbox 816 1805 1164 1872; x_wconf 87' lang='lat' dir='ltr'><strong>Besitzungen</strong></span> <span class='ocrx_word' id='word_1_155' title='bbox 1198 1820 1277 1857; x_wconf 86' lang='lat' dir='ltr'><strong>er·</strong></span> <span class='ocrx_word' id='word_1_156' title='bbox 1374 1807 1634 1871; x_wconf 81' lang='lat' dir='ltr'><strong>primum,</strong></span> <span class='ocrx_word' id='word_1_157' title='bbox 1655 1808 1720 1855; x_wconf 83' lang='lat' dir='ltr'><strong>ut</strong></span> <span class='ocrx_word' id='word_1_158' title='bbox 1743 1807 1956 1871; x_wconf 80' lang='lat' dir='ltr'><strong>opinor,</strong></span> <span class='ocrx_word' id='word_1_159' title='bbox 1985 1807 2149 1856; x_wconf 72' lang='lat' dir='ltr'><strong>istum</strong></span> <span class='ocrx_word' id='word_1_160' title='bbox 2175 1807 2410 1857; x_wconf 69' lang='lat' dir='ltr'><strong>absentis</strong></span> 
     </span>
     <span class='ocr_line' id='line_1_18' title="bbox 243 1870 2407 1939; baseline 0 -13"><span class='ocrx_word' id='word_1_161' title='bbox 243 1873 426 1926; x_wconf 82' lang='lat' dir='ltr'><strong>halten</strong></span> <span class='ocrx_word' id='word_1_162' title='bbox 459 1873 604 1926; x_wconf 86' lang='lat' dir='ltr'><strong>ihren</strong></span> <span class='ocrx_word' id='word_1_163' title='bbox 638 1873 838 1926; x_wconf 85' lang='lat' dir='ltr'><strong>Namen</strong></span> <span class='ocrx_word' id='word_1_164' title='bbox 889 1890 992 1927; x_wconf 87' lang='lat' dir='ltr'><strong>von</strong></span> <span class='ocrx_word' id='word_1_165' title='bbox 1028 1873 1145 1926; x_wconf 87' lang='lat' dir='ltr'><strong>dem</strong></span> <span class='ocrx_word' id='word_1_166' title='bbox 1178 1872 1278 1925; x_wconf 88' lang='lat' dir='ltr'><strong>Be·</strong></span> <span class='ocrx_word' id='word_1_167' title='bbox 1378 1888 1574 1924; x_wconf 81' lang='lat' dir='ltr'><strong>nomen</strong></span> <span class='ocrx_word' id='word_1_168' title='bbox 1590 1875 1867 1939; x_wconf 71' lang='lat' dir='ltr'><strong>recepisse.</strong></span> <span class='ocrx_word' id='word_1_169' title='bbox 1892 1871 1995 1923; x_wconf 72' lang='lat' dir='ltr'><strong>Fer</strong></span> <span class='ocrx_word' id='word_1_170' title='bbox 2014 1871 2113 1924; x_wconf 86' lang='lat' dir='ltr'><strong>den</strong></span> <span class='ocrx_word' id='word_1_171' title='bbox 2127 1870 2407 1926; x_wconf 79' lang='lat' dir='ltr'><strong>Gedanken</strong></span> 
     </span>
     <span class='ocr_line' id='line_1_19' title="bbox 245 1939 2407 2007; baseline 0 -13"><span class='ocrx_word' id='word_1_172' title='bbox 245 1941 418 1994; x_wconf 85' lang='lat' dir='ltr'><strong>sitzer.</strong></span> <span class='ocrx_word' id='word_1_173' title='bbox 1378 1940 1486 2007; x_wconf 82' lang='lat' dir='ltr'><strong>vgl.</strong></span> <span class='ocrx_word' id='word_1_174' title='bbox 1512 1939 1533 1991; x_wconf 92' lang='lat'>1</span> <span class='ocrx_word' id='word_1_175' title='bbox 1557 1956 1600 1994; x_wconf 90' lang='lat' dir='ltr'><strong>e.</strong></span> <span class='ocrx_word' id='word_1_176' title='bbox 1620 1942 1687 1994; x_wconf 84' lang='lat'><strong>43</strong></span> <span class='ocrx_word' id='word_1_177' title='bbox 1711 1939 1745 1993; x_wconf 80' lang='lat' dir='ltr'><strong>f.</strong></span> <span class='ocrx_word' id='word_1_178' title='bbox 1772 1939 1837 1992; x_wconf 87' lang='lat' dir='ltr'><strong>de</strong></span> <span class='ocrx_word' id='word_1_179' title='bbox 1861 1944 1965 1993; x_wconf 81' lang='lat' dir='ltr'><strong>nat.</strong></span> <span class='ocrx_word' id='word_1_180' title='bbox 1991 1939 2129 1993; x_wconf 85' lang='lat' dir='ltr'><strong>deor.</strong></span> <span class='ocrx_word' id='word_1_181' title='bbox 2155 1939 2198 1992; x_wconf 89' lang='lat'><strong>11</strong></span> <span class='ocrx_word' id='word_1_182' title='bbox 2226 1944 2304 2007; x_wconf 85' lang='lat'><strong>14,</strong></span> <span class='ocrx_word' id='word_1_183' title='bbox 2323 1944 2407 1994; x_wconf 82' lang='grc'><strong>37.</strong></span> 
     </span>
    </p>

    <p class='ocr_par' dir='ltr' id='par_1_4' title="bbox 228 2006 2473 2350">
     <span class='ocr_line' id='line_1_20' title="bbox 315 2006 2409 2077; baseline -0.001 -14"><span class='ocrx_word' id='word_1_184' title='bbox 315 2013 364 2063; x_wconf 92' lang='grc'><strong>3.</strong></span> <span class='ocrx_word' id='word_1_185' title='bbox 402 2009 467 2061; x_wconf 79' lang='lat' dir='ltr'><strong>de</strong></span> <span class='ocrx_word' id='word_1_186' title='bbox 502 2024 606 2076; x_wconf 83' lang='lat' dir='ltr'><strong>quo</strong></span> <span class='ocrx_word' id='word_1_187' title='bbox 640 2039 684 2047; x_wconf 96' lang='lat'>—</span> <span class='ocrx_word' id='word_1_188' title='bbox 716 2010 825 2060; x_wconf 72' lang='lat' dir='ltr'><strong>sibi</strong></span> <span class='ocrx_word' id='word_1_189' title='bbox 839 2025 962 2077; x_wconf 82' lang='lat' dir='ltr'><strong>app.</strong></span> <span class='ocrx_word' id='word_1_190' title='bbox 998 2023 1152 2061; x_wconf 84' lang='lat' dir='ltr'><strong>wenn</strong></span> <span class='ocrx_word' id='word_1_191' title='bbox 1171 2023 1276 2061; x_wconf 81' lang='lat' dir='ltr'><strong>von</strong></span> <span class='ocrx_word' id='word_1_192' title='bbox 1380 2006 1447 2061; x_wconf 85' lang='lat' dir='ltr'><strong>de</strong></span> <span class='ocrx_word' id='word_1_193' title='bbox 1480 2007 1571 2061; x_wconf 88' lang='lat' dir='ltr'><strong>fin.</strong></span> <span class='ocrx_word' id='word_1_194' title='bbox 1606 2008 1671 2061; x_wconf 90' lang='lat'><strong>111</strong></span> <span class='ocrx_word' id='word_1_195' title='bbox 1704 2011 1798 2074; x_wconf 86' lang='lat'><strong>20,</strong></span> <span class='ocrx_word' id='word_1_196' title='bbox 1834 2011 1897 2062; x_wconf 84' lang='grc'><strong>67</strong></span> <span class='ocrx_word' id='word_1_197' title='bbox 1948 2008 2232 2076; x_wconf 78' lang='lat' dir='ltr'><strong>praeclare</strong></span> <span class='ocrx_word' id='word_1_198' title='bbox 2266 2013 2409 2062; x_wconf 83' lang='lat' dir='ltr'><strong>enim</strong></span> 
     </span>
     <span class='ocr_line' id='line_1_21' title="bbox 228 2077 2412 2144; baseline 0 -14"><span class='ocrx_word' id='word_1_199' title='bbox 228 2078 384 2143; x_wconf 80' lang='lat' dir='ltr'><strong>dem,</strong></span> <span class='ocrx_word' id='word_1_200' title='bbox 422 2093 533 2130; x_wconf 78' lang='lat' dir='ltr'><strong>was</strong></span> <span class='ocrx_word' id='word_1_201' title='bbox 567 2077 1041 2144; x_wconf 80' lang='lat' dir='ltr'><strong>Privateigenthum</strong></span> <span class='ocrx_word' id='word_1_202' title='bbox 1076 2091 1278 2143; x_wconf 87' lang='lat' dir='ltr'><strong>gewor·</strong></span> <span class='ocrx_word' id='word_1_203' title='bbox 1382 2077 1716 2144; x_wconf 72' lang='lat' dir='ltr'><strong>Chrysippus</strong></span> <span class='ocrx_word' id='word_1_204' title='bbox 1757 2082 1934 2129; x_wconf 77' lang='lat' dir='ltr'><strong>cetera</strong></span> <span class='ocrx_word' id='word_1_205' title='bbox 1990 2082 2126 2130; x_wconf 83' lang='lat' dir='ltr'><strong>nata</strong></span> <span class='ocrx_word' id='word_1_206' title='bbox 2176 2094 2285 2129; x_wconf 71' lang='lat' dir='ltr'><strong>esse</strong></span> <span class='ocrx_word' id='word_1_207' title='bbox 2320 2081 2412 2131; x_wconf 81' lang='lat' dir='ltr'><strong>ho·</strong></span> 
     </span>
     <span class='ocr_line' id='line_1_22' title="bbox 247 2144 2411 2212; baseline 0 -14"><span class='ocrx_word' id='word_1_208' title='bbox 247 2146 350 2199; x_wconf 85' lang='lat' dir='ltr'><strong>den</strong></span> <span class='ocrx_word' id='word_1_209' title='bbox 366 2145 581 2212; x_wconf 86' lang='lat' dir='ltr'><strong>ist,sich</strong></span> <span class='ocrx_word' id='word_1_210' title='bbox 597 2144 815 2199; x_wconf 81' lang='lat' dir='ltr'><strong>Jemand</strong></span> <span class='ocrx_word' id='word_1_211' title='bbox 834 2149 1000 2200; x_wconf 76' lang='lat' dir='ltr'><strong>etwas</strong></span> <span class='ocrx_word' id='word_1_212' title='bbox 1020 2145 1276 2212; x_wconf 85' lang='lat' dir='ltr'><strong>aneignet.</strong></span> <span class='ocrx_word' id='word_1_213' title='bbox 1377 2148 1587 2197; x_wconf 81' lang='lat' dir='ltr'><strong>minum</strong></span> <span class='ocrx_word' id='word_1_214' title='bbox 1646 2161 1809 2198; x_wconf 73' lang='lat' dir='ltr'><strong>eausa</strong></span> <span class='ocrx_word' id='word_1_215' title='bbox 1878 2150 1932 2196; x_wconf 84' lang='lat' dir='ltr'><strong>et</strong></span> <span class='ocrx_word' id='word_1_216' title='bbox 1999 2146 2223 2198; x_wconf 74' lang='lat' dir='ltr'><strong>deorum</strong></span> <span class='ocrx_word' id='word_1_217' title='bbox 2236 2185 2251 2209; x_wconf 89' lang='lat'><strong>,</strong></span> <span class='ocrx_word' id='word_1_218' title='bbox 2322 2163 2411 2198; x_wconf 76' lang='lat' dir='ltr'><strong>eos</strong></span> 
     </span>
     <span class='ocr_line' id='line_1_23' title="bbox 245 2212 2473 2283; baseline 0 -17"><span class='ocrx_word' id='word_1_219' title='bbox 245 2213 350 2266; x_wconf 85' lang='lat' dir='ltr'><strong>Der</strong></span> <span class='ocrx_word' id='word_1_220' title='bbox 372 2214 816 2283; x_wconf 81' lang='lat' dir='ltr'><strong>zusammenhang</strong></span> <span class='ocrx_word' id='word_1_221' title='bbox 848 2214 1003 2282; x_wconf 86' lang='lat' dir='ltr'><strong>zeigt,</strong></span> <span class='ocrx_word' id='word_1_222' title='bbox 1039 2212 1159 2266; x_wconf 82' lang='lat' dir='ltr'><strong>dass</strong></span> <span class='ocrx_word' id='word_1_223' title='bbox 1194 2212 1277 2267; x_wconf 87' lang='lat' dir='ltr'><strong>die</strong></span> <span class='ocrx_word' id='word_1_224' title='bbox 1380 2218 1560 2265; x_wconf 80' lang='lat' dir='ltr'><strong>autem</strong></span> <span class='ocrx_word' id='word_1_225' title='bbox 1596 2217 1997 2266; x_wconf 74' lang='lat' dir='ltr'><strong>communitatis</strong></span> <span class='ocrx_word' id='word_1_226' title='bbox 2042 2218 2094 2264; x_wconf 81' lang='lat' dir='ltr'><strong>et</strong></span> <span class='ocrx_word' id='word_1_227' title='bbox 2136 2218 2412 2267; x_wconf 74' lang='lat' dir='ltr'><strong>societatis</strong></span> <span class='ocrx_word' id='word_1_228' title='bbox 2468 2277 2473 2281; x_wconf 20' lang='grc' dir='ltr'>ι</span> 
     </span>
     <span class='ocr_line' id='line_1_24' title="bbox 248 2281 1523 2350; baseline -0.001 -14"><span class='ocrx_word' id='word_1_229' title='bbox 248 2283 694 2336; x_wconf 77' lang='lat' dir='ltr'><strong>widerreehtliehe</strong></span> <span class='ocrx_word' id='word_1_230' title='bbox 716 2283 1025 2350; x_wconf 85' lang='lat' dir='ltr'><strong>Aneignung</strong></span> <span class='ocrx_word' id='word_1_231' title='bbox 1048 2281 1278 2335; x_wconf 79' lang='lat' dir='ltr'><strong>fremden</strong></span> <span class='ocrx_word' id='word_1_232' title='bbox 1377 2299 1523 2335; x_wconf 71' lang='lat' dir='ltr'><strong>suae.</strong></span> 
     </span>
    </p>

    <p class='ocr_par' dir='ltr' id='par_1_5' title="bbox 247 2350 2414 2622">
     <span class='ocr_line' id='line_1_25' title="bbox 247 2350 2411 2418; baseline 0 -15"><span class='ocrx_word' id='word_1_233' title='bbox 247 2352 587 2418; x_wconf 82' lang='lat' dir='ltr'><strong>Eigenthums</strong></span> <span class='ocrx_word' id='word_1_234' title='bbox 610 2351 835 2418; x_wconf 87' lang='lat' dir='ltr'><strong>gemeint</strong></span> <span class='ocrx_word' id='word_1_235' title='bbox 857 2352 951 2414; x_wconf 64' lang='grc' dir='ltr'><strong>ἱείς</strong></span> <span class='ocrx_word' id='word_1_236' title='bbox 989 2350 1073 2402; x_wconf 89' lang='lat' dir='ltr'><strong>ein</strong></span> <span class='ocrx_word' id='word_1_237' title='bbox 1092 2350 1279 2403; x_wconf 83' lang='lat' dir='ltr'><strong>Zusatz</strong></span> <span class='ocrx_word' id='word_1_238' title='bbox 1449 2354 1498 2404; x_wconf 82' lang='lat'><strong>9.</strong></span> <span class='ocrx_word' id='word_1_239' title='bbox 1551 2353 1659 2418; x_wconf 72' lang='lat' dir='ltr'><strong>ipsi</strong></span> <span class='ocrx_word' id='word_1_240' title='bbox 1693 2354 1838 2401; x_wconf 80' lang='lat' dir='ltr'><strong>inter</strong></span> <span class='ocrx_word' id='word_1_241' title='bbox 1869 2367 1928 2401; x_wconf 73' lang='lat' dir='ltr'><strong>se</strong></span> <span class='ocrx_word' id='word_1_242' title='bbox 1962 2351 2064 2402; x_wconf 84' lang='lat' dir='ltr'><strong>alii</strong></span> <span class='ocrx_word' id='word_1_243' title='bbox 2098 2351 2248 2417; x_wconf 76' lang='lat' dir='ltr'><strong>aliis,</strong></span> <span class='ocrx_word' id='word_1_244' title='bbox 2295 2352 2411 2404; x_wconf 90' lang='lat' dir='ltr'><strong>eine</strong></span> 
     </span>
     <span class='ocr_line' id='line_1_26' title="bbox 249 2417 2411 2485; baseline -0 -12"><span class='ocrx_word' id='word_1_245' title='bbox 249 2420 355 2473; x_wconf 76' lang='lat' dir='ltr'><strong>wie</strong></span> <span class='ocrx_word' id='word_1_246' title='bbox 399 2420 466 2471; x_wconf 82' lang='lat' dir='ltr'><strong>de</strong></span> <span class='ocrx_word' id='word_1_247' title='bbox 499 2420 677 2471; x_wconf 83' lang='lat' dir='ltr'><strong>alieno</strong></span> <span class='ocrx_word' id='word_1_248' title='bbox 729 2419 927 2472; x_wconf 86' lang='lat' dir='ltr'><strong>konnte</strong></span> <span class='ocrx_word' id='word_1_249' title='bbox 980 2418 1138 2471; x_wconf 81' lang='lat' dir='ltr'><strong>daher</strong></span> <span class='ocrx_word' id='word_1_250' title='bbox 1188 2434 1281 2471; x_wconf 85' lang='lat' dir='ltr'><strong>zur</strong></span> <span class='ocrx_word' id='word_1_251' title='bbox 1378 2418 1621 2485; x_wconf 81' lang='lat' dir='ltr'><strong>Hiiufung</strong></span> <span class='ocrx_word' id='word_1_252' title='bbox 1673 2417 1764 2471; x_wconf 85' lang='lat' dir='ltr'><strong>der</strong></span> <span class='ocrx_word' id='word_1_253' title='bbox 1809 2418 2112 2472; x_wconf 81' lang='lat' dir='ltr'><strong>Ausdriieke</strong></span> <span class='ocrx_word' id='word_1_254' title='bbox 2126 2459 2140 2485; x_wconf 92' lang='lat'>‚</span> <span class='ocrx_word' id='word_1_255' title='bbox 2193 2419 2295 2471; x_wconf 84' lang='lat' dir='ltr'><strong>wie</strong></span> <span class='ocrx_word' id='word_1_256' title='bbox 2347 2420 2411 2472; x_wconf 90' lang='lat' dir='ltr'><strong>de</strong></span> 
     </span>
     <span class='ocr_line' id='line_1_27' title="bbox 249 2485 2414 2555; baseline -0 -14"><span class='ocrx_word' id='word_1_257' title='bbox 249 2488 397 2541; x_wconf 80' lang='lat' dir='ltr'><strong>Noth</strong></span> <span class='ocrx_word' id='word_1_258' title='bbox 426 2488 779 2555; x_wconf 84' lang='lat' dir='ltr'><strong>wegbleiben,</strong></span> <span class='ocrx_word' id='word_1_259' title='bbox 815 2486 949 2540; x_wconf 86' lang='lat' dir='ltr'><strong>doeh</strong></span> <span class='ocrx_word' id='word_1_260' title='bbox 983 2502 1139 2539; x_wconf 82' lang='lat' dir='ltr'><strong>wenn</strong></span> <span class='ocrx_word' id='word_1_261' title='bbox 1174 2485 1278 2538; x_wconf 85' lang='lat' dir='ltr'><strong>Cic.</strong></span> <span class='ocrx_word' id='word_1_262' title='bbox 1382 2487 1526 2539; x_wconf 85' lang='lat' dir='ltr'><strong>deor.</strong></span> <span class='ocrx_word' id='word_1_263' title='bbox 1560 2490 1664 2539; x_wconf 81' lang='lat' dir='ltr'><strong>nat.</strong></span> <span class='ocrx_word' id='word_1_264' title='bbox 1701 2486 1722 2538; x_wconf 92' lang='lat'>1</span> <span class='ocrx_word' id='word_1_265' title='bbox 1753 2489 1839 2552; x_wconf 10' lang='lat'><strong>¹43,</strong></span> <span class='ocrx_word' id='word_1_266' title='bbox 1877 2488 1968 2540; x_wconf 83' lang='lat'><strong>121</strong></span> <span class='ocrx_word' id='word_1_267' title='bbox 2009 2491 2118 2555; x_wconf 72' lang='lat' dir='ltr'><strong>ipsi</strong></span> <span class='ocrx_word' id='word_1_268' title='bbox 2151 2488 2235 2540; x_wconf 83' lang='lat' dir='ltr'><strong>dii</strong></span> <span class='ocrx_word' id='word_1_269' title='bbox 2267 2492 2414 2540; x_wconf 81' lang='lat' dir='ltr'><strong>inter</strong></span> 
     </span>
     <span class='ocr_line' id='line_1_28' title="bbox 248 2554 2252 2622; baseline -0 -13"><span class='ocrx_word' id='word_1_270' title='bbox 248 2556 490 2610; x_wconf 76' lang='lat' dir='ltr'><strong>wirklich</strong></span> <span class='ocrx_word' id='word_1_271' title='bbox 542 2571 602 2608; x_wconf 91' lang='lat' dir='ltr'><strong>so</strong></span> <span class='ocrx_word' id='word_1_272' title='bbox 656 2556 992 2622; x_wconf 85' lang='lat' dir='ltr'><strong>geschrieben</strong></span> <span class='ocrx_word' id='word_1_273' title='bbox 1041 2555 1132 2607; x_wconf 82' lang='lat' dir='ltr'><strong>hat</strong></span> <span class='ocrx_word' id='word_1_274' title='bbox 1147 2593 1161 2620; x_wconf 92' lang='lat'>,</span> <span class='ocrx_word' id='word_1_275' title='bbox 1211 2555 1282 2606; x_wconf 84' lang='lat' dir='ltr'><strong>ist</strong></span> <span class='ocrx_word' id='word_1_276' title='bbox 1382 2572 1440 2606; x_wconf 75' lang='lat' dir='ltr'><strong>se</strong></span> <span class='ocrx_word' id='word_1_277' title='bbox 1475 2557 1540 2606; x_wconf 81' lang='lat' dir='ltr'><strong>ab</strong></span> <span class='ocrx_word' id='word_1_278' title='bbox 1578 2555 1704 2606; x_wconf 72' lang='lat' dir='ltr'><strong>aliie</strong></span> <span class='ocrx_word' id='word_1_279' title='bbox 1738 2555 1841 2606; x_wconf 88' lang='lat' dir='ltr'><strong>alii</strong></span> <span class='ocrx_word' id='word_1_280' title='bbox 1873 2554 2252 2620; x_wconf 76' lang='lat' dir='ltr'><strong>neglegantur.</strong></span> 
     </span>
    </p>

    <p class='ocr_par' dir='ltr' id='par_1_6' title="bbox 251 2621 2417 2896">
     <span class='ocr_line' id='line_1_29' title="bbox 251 2621 2414 2689; baseline -0.001 -11"><span class='ocrx_word' id='word_1_281' title='bbox 251 2624 346 2678; x_wconf 83' lang='lat' dir='ltr'><strong>der</strong></span> <span class='ocrx_word' id='word_1_282' title='bbox 391 2624 666 2677; x_wconf 85' lang='lat' dir='ltr'><strong>Ausdruek</strong></span> <span class='ocrx_word' id='word_1_283' title='bbox 720 2624 839 2676; x_wconf 84' lang='lat' dir='ltr'><strong>sehr</strong></span> <span class='ocrx_word' id='word_1_284' title='bbox 892 2622 1092 2677; x_wconf 80' lang='lat' dir='ltr'><strong>unklar.</strong></span> <span class='ocrx_word' id='word_1_285' title='bbox 1162 2621 1280 2689; x_wconf 87' lang='lat' dir='ltr'><strong>Vgl.</strong></span> <span class='ocrx_word' id='word_1_286' title='bbox 1462 2625 1537 2675; x_wconf 89' lang='lat'><strong>10.</strong></span> <span class='ocrx_word' id='word_1_287' title='bbox 1576 2638 1879 2674; x_wconf 72' lang='lat' dir='ltr'><strong>communes</strong></span> <span class='ocrx_word' id='word_1_288' title='bbox 1913 2623 2180 2674; x_wconf 72' lang='lat' dir='ltr'><strong>utilitates</strong></span> <span class='ocrx_word' id='word_1_289' title='bbox 2213 2627 2274 2674; x_wconf 83' lang='lat' dir='ltr'><strong>in</strong></span> <span class='ocrx_word' id='word_1_290' title='bbox 2308 2640 2414 2675; x_wconf 82' lang='lat' dir='ltr'><strong>me-</strong></span> 
     </span>
     <span class='ocr_line' id='line_1_30' title="bbox 253 2691 2413 2759; baseline -0.001 -13"><span class='ocrx_word' id='word_1_291' title='bbox 253 2693 322 2746; x_wconf 82' lang='lat' dir='ltr'><strong>de</strong></span> <span class='ocrx_word' id='word_1_292' title='bbox 346 2692 434 2746; x_wconf 84' lang='lat' dir='ltr'><strong>fin.</strong></span> <span class='ocrx_word' id='word_1_293' title='bbox 458 2692 522 2745; x_wconf 88' lang='lat'><strong>111</strong></span> <span class='ocrx_word' id='word_1_294' title='bbox 553 2694 641 2759; x_wconf 84' lang='lat'><strong>21,</strong></span> <span class='ocrx_word' id='word_1_295' title='bbox 660 2696 727 2746; x_wconf 78' lang='lat'><strong>‘10</strong></span> <span class='ocrx_word' id='word_1_296' title='bbox 761 2691 1009 2753; x_wconf 75' lang='lat' dir='ltr'><strong>fatentur</strong></span> <span class='ocrx_word' id='word_1_297' title='bbox 1042 2691 1282 2742; x_wconf 77' lang='lat' dir='ltr'><strong>alienum</strong></span> <span class='ocrx_word' id='word_1_298' title='bbox 1386 2692 1536 2744; x_wconf 82' lang='lat' dir='ltr'><strong>dium</strong></span> <span class='ocrx_word' id='word_1_299' title='bbox 1595 2691 1819 2756; x_wconf 76' lang='lat' dir='ltr'><strong>afferre,</strong></span> <span class='ocrx_word' id='word_1_300' title='bbox 1894 2705 2010 2743; x_wconf 82' lang='lat' dir='ltr'><strong>zum</strong></span> <span class='ocrx_word' id='word_1_301' title='bbox 2070 2691 2413 2757; x_wconf 84' lang='lat' dir='ltr'><strong>allgemeinen</strong></span> 
     </span>
     <span class='ocr_line' id='line_1_31' title="bbox 253 2758 2414 2827; baseline 0 -14"><span class='ocrx_word' id='word_1_302' title='bbox 253 2778 365 2813; x_wconf 74' lang='lat' dir='ltr'><strong>esse</strong></span> <span class='ocrx_word' id='word_1_303' title='bbox 412 2777 446 2812; x_wconf 86' lang='lat' dir='ltr'><em>a</em></span> <span class='ocrx_word' id='word_1_304' title='bbox 491 2764 706 2813; x_wconf 72' lang='lat' dir='ltr'><strong>iustitia</strong></span> <span class='ocrx_word' id='word_1_305' title='bbox 744 2789 782 2798; x_wconf 93' lang='lat'>-</span> <span class='ocrx_word' id='word_1_306' title='bbox 822 2760 1104 2812; x_wconf 77' lang='lat' dir='ltr'><strong>detrahere</strong></span> <span class='ocrx_word' id='word_1_307' title='bbox 1153 2759 1287 2824; x_wconf 82' lang='lat' dir='ltr'><strong>quid</strong></span> <span class='ocrx_word' id='word_1_308' title='bbox 1385 2759 1590 2813; x_wconf 90' lang='lat' dir='ltr'><strong>Nutzen</strong></span> <span class='ocrx_word' id='word_1_309' title='bbox 1648 2758 1931 2826; x_wconf 71' lang='lat' dir='ltr'><strong>beitragen.</strong></span> <span class='ocrx_word' id='word_1_310' title='bbox 2034 2758 2067 2827; x_wconf 61' lang='grc' dir='ltr'><strong>ξ</strong></span> <span class='ocrx_word' id='word_1_311' title='bbox 2121 2762 2202 2813; x_wconf 86' lang='grc'><strong>52.</strong></span> <span class='ocrx_word' id='word_1_312' title='bbox 2263 2758 2414 2813; x_wconf 80' lang='lat' dir='ltr'><strong>Plato</strong></span> 
     </span>
     <span class='ocr_line' id='line_1_32' title="bbox 256 2822 2417 2896; baseline 0 -15"><span class='ocrx_word' id='word_1_313' title='bbox 256 2830 324 2882; x_wconf 79' lang='lat' dir='ltr'><strong>de</strong></span> <span class='ocrx_word' id='word_1_314' title='bbox 358 2829 562 2896; x_wconf 79' lang='lat' dir='ltr'><strong>aliquo,</strong></span> <span class='ocrx_word' id='word_1_315' title='bbox 599 2828 746 2896; x_wconf 79' lang='lat' dir='ltr'><strong>quod</strong></span> <span class='ocrx_word' id='word_1_316' title='bbox 774 2830 881 2880; x_wconf 74' lang='lat' dir='ltr'><strong>eibi</strong></span> <span class='ocrx_word' id='word_1_317' title='bbox 913 2832 1169 2880; x_wconf 69' lang='lat' dir='ltr'><strong>assumat.</strong></span> <span class='ocrx_word' id='word_1_318' title='bbox 1266 2881 1271 2886; x_wconf 67' lang='grc'><strong>,</strong></span> <span class='ocrx_word' id='word_1_319' title='bbox 1387 2826 1454 2880; x_wconf 84' lang='lat' dir='ltr'><strong>de</strong></span> <span class='ocrx_word' id='word_1_320' title='bbox 1492 2843 1598 2894; x_wconf 85' lang='lat' dir='ltr'><strong>rep.</strong></span> <span class='ocrx_word' id='word_1_321' title='bbox 1635 2826 1725 2878; x_wconf 86' lang='lat' dir='ltr'><strong>Vn</strong></span> <span class='ocrx_word' id='word_1_322' title='bbox 1759 2843 1808 2893; x_wconf 87' lang='lat' dir='ltr'><strong>p.</strong></span> <span class='ocrx_word' id='word_1_323' title='bbox 1847 2830 1947 2880; x_wconf 80' lang='lat'><strong>519</strong></span> <span class='ocrx_word' id='word_1_324' title='bbox 1979 2827 2021 2879; x_wconf 90' lang='lat' dir='ltr'><strong>E</strong></span> <span class='ocrx_word' id='word_1_325' title='bbox 2056 2822 2417 2895; x_wconf 76' lang='grc' dir='ltr'><strong><em>μεταδιδόναι</em></strong></span> 
     </span>
    </p>

    <p class='ocr_par' dir='ltr' id='par_1_7' title="bbox 253 2889 2419 3291">
     <span class='ocr_line' id='line_1_33' title="bbox 329 2889 2417 2981; baseline -0.001 -30"><span class='ocrx_word' id='word_1_326' title='bbox 329 2901 377 2951; x_wconf 88' lang='lat'><strong>5.</strong></span> <span class='ocrx_word' id='word_1_327' title='bbox 427 2914 462 2949; x_wconf 85' lang='lat' dir='ltr'><em>a</em></span> <span class='ocrx_word' id='word_1_328' title='bbox 496 2898 746 2949; x_wconf 81' lang='lat' dir='ltr'><strong>Platone:</strong></span> <span class='ocrx_word' id='word_1_329' title='bbox 781 2913 862 2981; x_wconf 68' lang='lat' dir='ltr'><strong>ep.</strong></span> <span class='ocrx_word' id='word_1_330' title='bbox 898 2898 932 2949; x_wconf 82' lang='lat'>9</span> <span class='ocrx_word' id='word_1_331' title='bbox 968 2895 1033 2949; x_wconf 80' lang='lat' dir='ltr'><strong>ad</strong></span> <span class='ocrx_word' id='word_1_332' title='bbox 1066 2894 1283 2963; x_wconf 80' lang='lat' dir='ltr'><strong>Archyt.</strong></span> <span class='ocrx_word' id='word_1_333' title='bbox 1387 2889 1635 2961; x_wconf 69' lang='grc' dir='ltr'><strong>ἀλλήλοις</strong></span> <span class='ocrx_word' id='word_1_334' title='bbox 1702 2895 1797 2961; x_wconf 70' lang='grc' dir='ltr'><strong>τῆς</strong></span> <span class='ocrx_word' id='word_1_335' title='bbox 1856 2889 2142 2964; x_wconf 72' lang='grc' dir='ltr'><strong>ὠφελείας,</strong></span> <span class='ocrx_word' id='word_1_336' title='bbox 2211 2889 2280 2962; x_wconf 75' lang='grc' dir='ltr'><strong>ἣν</strong></span> <span class='ocrx_word' id='word_1_337' title='bbox 2345 2891 2417 2949; x_wconf 77' lang='grc' dir='ltr'><strong>ἂν</strong></span> 
     </span>
     <span class='ocr_line' id='line_1_34' title="bbox 254 2952 2417 3034; baseline 0 -16"><span class='ocrx_word' id='word_1_338' title='bbox 254 2983 310 3034; x_wconf 88' lang='lat' dir='ltr'><strong>p.</strong></span> <span class='ocrx_word' id='word_1_339' title='bbox 330 2967 449 3020; x_wconf 84' lang='lat'>358-</span> <span class='ocrx_word' id='word_1_340' title='bbox 464 2964 510 3016; x_wconf 82' lang='lat' dir='ltr'>A</span> <span class='ocrx_word' id='word_1_341' title='bbox 546 2966 770 3017; x_wconf 74' lang='grc' dir='ltr'><strong><em>ἕκαστος</em></strong></span> <span class='ocrx_word' id='word_1_342' title='bbox 803 2964 963 3032; x_wconf 77' lang='grc' dir='ltr'><strong><em>ημῶν</em></strong></span> <span class='ocrx_word' id='word_1_343' title='bbox 996 2958 1095 3029; x_wconf 74' lang='grc' dir='ltr'><strong>οὐχ</strong></span> <span class='ocrx_word' id='word_1_344' title='bbox 1131 2955 1283 3028; x_wconf 54' lang='lat' dir='ltr'><strong>abvc?</strong></span> <span class='ocrx_word' id='word_1_345' title='bbox 1388 2964 1613 3016; x_wconf 72' lang='grc' dir='ltr'><strong><em>ἕκαστοι</em></strong></span> <span class='ocrx_word' id='word_1_346' title='bbox 1654 2960 1721 3016; x_wconf 80' lang='grc' dir='ltr'><strong>τὸ</strong></span> <span class='ocrx_word' id='word_1_347' title='bbox 1767 2960 1955 3017; x_wconf 76' lang='grc' dir='ltr'><strong><em>κοινὸν</em></strong></span> <span class='ocrx_word' id='word_1_348' title='bbox 2003 2958 2228 3017; x_wconf 76' lang='grc' dir='ltr'><strong><em>δυνατοὶ</em></strong></span> <span class='ocrx_word' id='word_1_349' title='bbox 2275 2952 2417 3018; x_wconf 71' lang='grc' dir='ltr'><strong>ὦσιν</strong></span> 
     </span>
     <span class='ocr_line' id='line_1_35' title="bbox 253 3025 1641 3105; baseline -0.002 -19"><span class='ocrx_word' id='word_1_350' title='bbox 253 3029 432 3101; x_wconf 76' lang='grc' dir='ltr'><strong><em>μόνον</em></strong></span> <span class='ocrx_word' id='word_1_351' title='bbox 454 3036 692 3105; x_wconf 75' lang='grc' dir='ltr'><strong>γέγονεν,</strong></span> <span class='ocrx_word' id='word_1_352' title='bbox 726 3026 865 3085; x_wconf 77' lang='grc' dir='ltr'><strong>ἀλλὰ</strong></span> <span class='ocrx_word' id='word_1_353' title='bbox 898 3033 992 3098; x_wconf 69' lang='grc' dir='ltr'><strong>τῆς</strong></span> <span class='ocrx_word' id='word_1_354' title='bbox 1025 3035 1287 3103; x_wconf 71' lang='grc' dir='ltr'><strong>γενέσεως</strong></span> <span class='ocrx_word' id='word_1_355' title='bbox 1391 3025 1641 3102; x_wconf 71' lang='grc' dir='ltr'><strong>ὠφελεῖν.</strong></span> 
     </span>
     <span class='ocr_line' id='line_1_36' title="bbox 256 3095 2418 3174; baseline 0 -21"><span class='ocrx_word' id='word_1_356' title='bbox 256 3098 421 3170; x_wconf 78' lang='grc' dir='ltr'><strong>ἡμῶν</strong></span> <span class='ocrx_word' id='word_1_357' title='bbox 451 3098 518 3153; x_wconf 84' lang='grc' dir='ltr'><strong>τὸ</strong></span> <span class='ocrx_word' id='word_1_358' title='bbox 611 3105 655 3154; x_wconf 73' lang='grc' dir='ltr'><strong>’ν</strong></span> <span class='ocrx_word' id='word_1_359' title='bbox 686 3119 744 3154; x_wconf 87' lang='grc' dir='ltr'><strong>τι</strong></span> <span class='ocrx_word' id='word_1_360' title='bbox 778 3095 812 3167; x_wconf 83' lang='grc' dir='ltr'><em>ἡ</em></span> <span class='ocrx_word' id='word_1_361' title='bbox 846 3104 1043 3171; x_wconf 74' lang='grc' dir='ltr'><strong><em>πατρὶς</em></strong></span> <span class='ocrx_word' id='word_1_362' title='bbox 1081 3101 1289 3174; x_wconf 65' lang='grc' dir='ltr'><strong>μερίζει-</strong></span> <span class='ocrx_word' id='word_1_363' title='bbox 1466 3103 1543 3153; x_wconf 90' lang='grc'><strong>11.</strong></span> <span class='ocrx_word' id='word_1_364' title='bbox 1580 3100 1759 3152; x_wconf 80' lang='lat' dir='ltr'><strong>dando</strong></span> <span class='ocrx_word' id='word_1_365' title='bbox 1783 3099 2099 3166; x_wconf 74' lang='lat' dir='ltr'><strong>aoeipimdo</strong></span> <span class='ocrx_word' id='word_1_366' title='bbox 2135 3100 2279 3167; x_wconf 87' lang='lat' dir='ltr'><strong>giebt</strong></span> <span class='ocrx_word' id='word_1_367' title='bbox 2303 3102 2418 3153; x_wconf 87' lang='lat' dir='ltr'><strong>eine</strong></span> 
     </span>
     <span class='ocr_line' id='line_1_37' title="bbox 255 3162 2419 3291; baseline -0 -1"><span class='ocrx_word' id='word_1_368' title='bbox 255 3186 415 3290; x_wconf 58' lang='lat'><strong>{3235</strong></span> <span class='ocrx_word' id='word_1_369' title='bbox 428 3166 682 3291; x_wconf 51' lang='lat' dir='ltr'><strong>&#39;timis‘</strong></span> <span class='ocrx_word' id='word_1_370' title='bbox 706 3162 1187 3289; x_wconf 64' lang='lat'><strong>2²22.⁷⁸²&#39;&#39;⁷³⁶“²&#39;‘⁸⁶²</strong></span> <span class='ocrx_word' id='word_1_371' title='bbox 1221 3164 1287 3220; x_wconf 56' lang='grc' dir='ltr'><strong>τὸ</strong></span> <span class='ocrx_word' id='word_1_372' title='bbox 1389 3167 2419 3289; x_wconf 54' lang='lat' dir='ltr'><strong>{233⁰”ivsssstg&#39;u‘gzffffiffffifiss&#39;ssfi</strong></span> 
     </span>
    </p>

    <p class='ocr_par' dir='ltr' id='par_1_8' title="bbox 259 3252 2420 3507">
     <span class='ocr_line' id='line_1_38' title="bbox 333 3252 2419 3376; baseline -0.001 -17"><span class='ocrx_word' id='word_1_373' title='bbox 333 3308 382 3359; x_wconf 80' lang='lat'><strong>6.</strong></span> <span class='ocrx_word' id='word_1_374' title='bbox 416 3257 703 3376; x_wconf 49' lang='lat' dir='ltr'><strong>ortusque?</strong></span> <span class='ocrx_word' id='word_1_375' title='bbox 724 3322 826 3372; x_wconf 79' lang='lat' dir='ltr'><strong>que</strong></span> <span class='ocrx_word' id='word_1_376' title='bbox 843 3306 955 3357; x_wconf 85' lang='lat' dir='ltr'><strong>hier</strong></span> <span class='ocrx_word' id='word_1_377' title='bbox 971 3304 1103 3356; x_wconf 83' lang='lat' dir='ltr'><strong>nach</strong></span> <span class='ocrx_word' id='word_1_378' title='bbox 1120 3304 1289 3356; x_wconf 88' lang='lat' dir='ltr'><strong>einem</strong></span> <span class='ocrx_word' id='word_1_379' title='bbox 1393 3304 1562 3357; x_wconf 79' lang='lat' dir='ltr'><strong>neben</strong></span> <span class='ocrx_word' id='word_1_380' title='bbox 1586 3303 1829 3356; x_wconf 80' lang='lat' dir='ltr'><strong>einander</strong></span> <span class='ocrx_word' id='word_1_381' title='bbox 1850 3303 2078 3371; x_wconf 79' lang='lat' dir='ltr'><strong>gestent,</strong></span> <span class='ocrx_word' id='word_1_382' title='bbox 2112 3252 2215 3356; x_wconf 57' lang='lat' dir='ltr'><strong>wyie</strong></span> <span class='ocrx_word' id='word_1_383' title='bbox 2242 3304 2419 3373; x_wconf 79' lang='lat' dir='ltr'><strong>hiiufig</strong></span> 
     </span>
     <span class='ocr_line' id='line_1_39' title="bbox 259 3370 2420 3441; baseline -0 -14"><span class='ocrx_word' id='word_1_384' title='bbox 259 3375 542 3441; x_wconf 74' lang='lat' dir='ltr'><strong>negativen</strong></span> <span class='ocrx_word' id='word_1_385' title='bbox 595 3373 752 3426; x_wconf 83' lang='lat' dir='ltr'><strong>Satze</strong></span> <span class='ocrx_word' id='word_1_386' title='bbox 803 3399 872 3419; x_wconf 82' lang='lat'><strong>==</strong></span> <span class='ocrx_word' id='word_1_387' title='bbox 904 3374 1025 3438; x_wconf 75' lang='lat' dir='ltr'><strong>sed,</strong></span> <span class='ocrx_word' id='word_1_388' title='bbox 1077 3372 1178 3424; x_wconf 86' lang='lat' dir='ltr'><strong>wie</strong></span> <span class='ocrx_word' id='word_1_389' title='bbox 1233 3386 1290 3424; x_wconf 87' lang='lat' dir='ltr'><strong>es</strong></span> <span class='ocrx_word' id='word_1_390' title='bbox 1393 3376 1426 3425; x_wconf 83' lang='lat'><strong>2</strong></span> <span class='ocrx_word' id='word_1_391' title='bbox 1479 3370 1731 3439; x_wconf 67' lang='lat' dir='ltr'><strong>Regi-iste,</strong></span> <span class='ocrx_word' id='word_1_392' title='bbox 1785 3371 1871 3425; x_wconf 88' lang='lat' dir='ltr'><strong>die</strong></span> <span class='ocrx_word' id='word_1_393' title='bbox 1920 3387 2216 3425; x_wconf 80' lang='lat' dir='ltr'><strong>zusammen</strong></span> <span class='ocrx_word' id='word_1_394' title='bbox 2269 3374 2420 3427; x_wconf 87' lang='lat' dir='ltr'><strong>einen</strong></span> 
     </span>
     <span class='ocr_line' id='line_1_40' title="bbox 260 3439 1817 3507; baseline -0.001 -12"><span class='ocrx_word' id='word_1_395' title='bbox 260 3443 578 3495; x_wconf 75' lang='lat' dir='ltr'><strong>namentlieh</strong></span> <span class='ocrx_word' id='word_1_396' title='bbox 614 3442 668 3494; x_wconf 77' lang='lat' dir='ltr'><strong>iii</strong></span> <span class='ocrx_word' id='word_1_397' title='bbox 703 3441 794 3494; x_wconf 87' lang='lat' dir='ltr'><strong>der</strong></span> <span class='ocrx_word' id='word_1_398' title='bbox 827 3440 1162 3507; x_wconf 86' lang='lat' dir='ltr'><strong>Verbindung</strong></span> <span class='ocrx_word' id='word_1_399' title='bbox 1195 3440 1290 3492; x_wconf 89' lang='lat' dir='ltr'><strong>mit</strong></span> <span class='ocrx_word' id='word_1_400' title='bbox 1391 3441 1593 3494; x_wconf 74' lang='lat' dir='ltr'><strong>hohern</strong></span> <span class='ocrx_word' id='word_1_401' title='bbox 1626 3439 1817 3494; x_wconf 86' lang='lat' dir='ltr'><strong>bilden.</strong></span> 
     </span>
    </p>

    <p class='ocr_par' dir='ltr' id='par_1_9' title="bbox 255 3508 2423 3646">
     <span class='ocr_line' id='line_1_41' title="bbox 302 3508 2423 3577; baseline -0.001 -14"><span class='ocrx_word' id='word_1_402' title='bbox 302 3515 447 3563; x_wconf 71' lang='lat' dir='ltr'><strong>otius</strong></span> <span class='ocrx_word' id='word_1_403' title='bbox 477 3510 656 3577; x_wconf 65' lang='lat' dir='ltr'><strong>hfiufig</strong></span> <span class='ocrx_word' id='word_1_404' title='bbox 694 3509 978 3577; x_wconf 80' lang='lat' dir='ltr'><strong>gebraueht</strong></span> <span class='ocrx_word' id='word_1_405' title='bbox 1010 3508 1106 3570; x_wconf 88' lang='lat' dir='ltr'><strong>ist;</strong></span> <span class='ocrx_word' id='word_1_406' title='bbox 1152 3508 1288 3576; x_wconf 61' lang='lat'><strong>592.</strong></span> <span class='ocrx_word' id='word_1_407' title='bbox 1400 3523 1405 3529; x_wconf 94' lang='lat'>·</span> <span class='ocrx_word' id='word_1_408' title='bbox 1468 3512 1549 3562; x_wconf 84' lang='lat'><strong>14.</strong></span> <span class='ocrx_word' id='word_1_409' title='bbox 1600 3526 1672 3560; x_wconf 75' lang='lat' dir='ltr'><strong>ex</strong></span> <span class='ocrx_word' id='word_1_410' title='bbox 1707 3525 1811 3575; x_wconf 83' lang='lat' dir='ltr'><strong>quo</strong></span> <span class='ocrx_word' id='word_1_411' title='bbox 1846 3508 1895 3561; x_wconf 87' lang='lat' dir='ltr'><strong>d.</strong></span> <span class='ocrx_word' id='word_1_412' title='bbox 1931 3509 1965 3562; x_wconf 88' lang='lat' dir='ltr'><strong>i.</strong></span> <span class='ocrx_word' id='word_1_413' title='bbox 2016 3510 2220 3576; x_wconf 68' lang='lat' dir='ltr'><strong>gemfiss</strong></span> <span class='ocrx_word' id='word_1_414' title='bbox 2254 3508 2423 3561; x_wconf 83' lang='lat' dir='ltr'><strong>dieser</strong></span> 
     </span>
     <span class='ocr_line' id='line_1_42' title="bbox 255 3525 2422 3646; baseline -0.001 -15"><span class='ocrx_word' id='word_1_415' title='bbox 255 3525 328 3631; x_wconf 54' lang='lat' dir='ltr'><strong>fil</strong></span> <span class='ocrx_word' id='word_1_416' title='bbox 365 3578 399 3646; x_wconf 65' lang='grc' dir='ltr'><strong>ξ</strong></span> <span class='ocrx_word' id='word_1_417' title='bbox 419 3582 500 3633; x_wconf 87' lang='grc'><strong>32.</strong></span> <span class='ocrx_word' id='word_1_418' title='bbox 537 3583 705 3631; x_wconf 73' lang='lat' dir='ltr'><strong>ortus.</strong></span> <span class='ocrx_word' id='word_1_419' title='bbox 740 3578 852 3631; x_wconf 85' lang='lat' dir='ltr'><strong>hier</strong></span> <span class='ocrx_word' id='word_1_420' title='bbox 885 3575 1121 3630; x_wconf 79' lang='lat' dir='ltr'><strong>‘Dasein’.</strong></span> <span class='ocrx_word' id='word_1_421' title='bbox 1395 3576 1703 3644; x_wconf 86' lang='lat' dir='ltr'><strong>Bedeutung</strong></span> <span class='ocrx_word' id='word_1_422' title='bbox 1736 3592 1841 3629; x_wconf 85' lang='lat' dir='ltr'><strong>von</strong></span> <span class='ocrx_word' id='word_1_423' title='bbox 1884 3577 2033 3641; x_wconf 73' lang='lat' dir='ltr'><strong>fides.</strong></span> <span class='ocrx_word' id='word_1_424' title='bbox 2101 3576 2242 3630; x_wconf 86' lang='lat' dir='ltr'><strong>Dazu</strong></span> <span class='ocrx_word' id='word_1_425' title='bbox 2277 3581 2422 3644; x_wconf 77' lang='lat' dir='ltr'><strong>passt</strong></span> 
     </span>
    </p>

    <p class='ocr_par' dir='ltr' id='par_1_10' title="bbox 263 3643 2424 3919">
     <span class='ocr_line' id='line_1_43' title="bbox 334 3643 2418 3713; baseline -0 -15"><span class='ocrx_word' id='word_1_426' title='bbox 334 3652 402 3698; x_wconf 77' lang='lat' dir='ltr'><strong>ut</strong></span> <span class='ocrx_word' id='word_1_427' title='bbox 427 3648 608 3713; x_wconf 81' lang='lat' dir='ltr'><strong>placet</strong></span> <span class='ocrx_word' id='word_1_428' title='bbox 639 3647 840 3699; x_wconf 72' lang='lat' dir='ltr'><strong>Stoicis</strong></span> <span class='ocrx_word' id='word_1_429' title='bbox 858 3675 899 3684; x_wconf 89' lang='lat'>-</span> <span class='ocrx_word' id='word_1_430' title='bbox 921 3647 1114 3697; x_wconf 75' lang='lat' dir='ltr'><strong>creari.</strong></span> <span class='ocrx_word' id='word_1_431' title='bbox 1157 3643 1294 3697; x_wconf 81' lang='lat' dir='ltr'><strong>Ana-</strong></span> <span class='ocrx_word' id='word_1_432' title='bbox 1396 3646 1540 3699; x_wconf 87' lang='lat' dir='ltr'><strong>nieht</strong></span> <span class='ocrx_word' id='word_1_433' title='bbox 1574 3645 1667 3698; x_wconf 78' lang='lat' dir='ltr'><strong>das</strong></span> <span class='ocrx_word' id='word_1_434' title='bbox 1702 3645 1946 3712; x_wconf 82' lang='lat' dir='ltr'><strong>folgende</strong></span> <span class='ocrx_word' id='word_1_435' title='bbox 1975 3650 2152 3697; x_wconf 77' lang='lat' dir='ltr'><strong>tamon</strong></span> <span class='ocrx_word' id='word_1_436' title='bbox 2176 3645 2303 3697; x_wconf 77' lang='lat' dir='ltr'><strong>aud.</strong></span> <span class='ocrx_word' id='word_1_437' title='bbox 2325 3647 2418 3698; x_wconf 87' lang='lat' dir='ltr'><strong>im.</strong></span> 
     </span>
     <span class='ocr_line' id='line_1_44' title="bbox 264 3711 2420 3780; baseline -0.001 -12"><span class='ocrx_word' id='word_1_438' title='bbox 264 3714 564 3769; x_wconf 83' lang='lat' dir='ltr'><strong>koluthiseh</strong></span> <span class='ocrx_word' id='word_1_439' title='bbox 577 3716 648 3768; x_wconf 88' lang='lat' dir='ltr'><strong>ist</strong></span> <span class='ocrx_word' id='word_1_440' title='bbox 660 3715 754 3768; x_wconf 86' lang='lat' dir='ltr'><strong>das</strong></span> <span class='ocrx_word' id='word_1_441' title='bbox 762 3712 990 3768; x_wconf 82' lang='lat' dir='ltr'><strong>Verbum</strong></span> <span class='ocrx_word' id='word_1_442' title='bbox 1001 3713 1094 3765; x_wconf 84' lang='lat' dir='ltr'><strong>des</strong></span> <span class='ocrx_word' id='word_1_443' title='bbox 1102 3711 1296 3780; x_wconf 83' lang='lat' dir='ltr'><strong>Haupt·</strong></span> <span class='ocrx_word' id='word_1_444' title='bbox 1397 3713 1479 3768; x_wconf 87' lang='lat' dir='ltr'><strong>St.</strong></span> <span class='ocrx_word' id='word_1_445' title='bbox 1547 3713 1651 3767; x_wconf 81' lang='lat' dir='ltr'><strong>Cic.</strong></span> <span class='ocrx_word' id='word_1_446' title='bbox 1689 3714 1870 3767; x_wconf 78' lang='lat' dir='ltr'><strong>wollte</strong></span> <span class='ocrx_word' id='word_1_447' title='bbox 1904 3712 2174 3766; x_wconf 84' lang='lat' dir='ltr'><strong>schreiben</strong></span> <span class='ocrx_word' id='word_1_448' title='bbox 2209 3730 2281 3765; x_wconf 71' lang='grc' dir='ltr'><strong>σω</strong></span> <span class='ocrx_word' id='word_1_449' title='bbox 2348 3728 2420 3765; x_wconf 79' lang='lat' dir='ltr'><strong>uo</strong></span> 
     </span>
     <span class='ocr_line' id='line_1_45' title="bbox 266 3781 2422 3850; baseline -0.001 -14"><span class='ocrx_word' id='word_1_450' title='bbox 266 3788 440 3836; x_wconf 81' lang='lat' dir='ltr'><strong>satzes</strong></span> <span class='ocrx_word' id='word_1_451' title='bbox 474 3799 580 3836; x_wconf 82' lang='lat' dir='ltr'><strong>von</strong></span> <span class='ocrx_word' id='word_1_452' title='bbox 603 3783 721 3837; x_wconf 88' lang='lat' dir='ltr'><strong>dem</strong></span> <span class='ocrx_word' id='word_1_453' title='bbox 750 3783 1200 3850; x_wconf 85' lang='lat' dir='ltr'><strong>eingesehohenen</strong></span> <span class='ocrx_word' id='word_1_454' title='bbox 1233 3785 1299 3831; x_wconf 77' lang='lat' dir='ltr'><strong>ut</strong></span> <span class='ocrx_word' id='word_1_455' title='bbox 1397 3782 1668 3850; x_wconf 82' lang='lat' dir='ltr'><strong>appellata</strong></span> <span class='ocrx_word' id='word_1_456' title='bbox 1692 3788 1774 3834; x_wconf 73' lang='lat' dir='ltr'><strong>est</strong></span> <span class='ocrx_word' id='word_1_457' title='bbox 1790 3782 1925 3848; x_wconf 73' lang='lat' dir='ltr'><strong>fides</strong></span> <span class='ocrx_word' id='word_1_458' title='bbox 1946 3784 2077 3847; x_wconf 79' lang='lat' dir='ltr'><strong>quia</strong></span> <span class='ocrx_word' id='word_1_459' title='bbox 2100 3781 2169 3845; x_wconf 79' lang='lat' dir='ltr'><strong>fit</strong></span> <span class='ocrx_word' id='word_1_460' title='bbox 2190 3786 2289 3835; x_wconf 85' lang='lat' dir='ltr'><strong>eet.</strong></span> <span class='ocrx_word' id='word_1_461' title='bbox 2373 3781 2422 3833; x_wconf 88' lang='lat' dir='ltr'><strong>ie</strong></span> 
     </span>
     <span class='ocr_line' id='line_1_46' title="bbox 263 3847 2424 3919; baseline 0 -17"><span class='ocrx_word' id='word_1_462' title='bbox 263 3852 447 3919; x_wconf 77' lang='lat' dir='ltr'><strong>placet</strong></span> <span class='ocrx_word' id='word_1_463' title='bbox 457 3852 716 3919; x_wconf 77' lang='lat' dir='ltr'><strong>abhiingig</strong></span> <span class='ocrx_word' id='word_1_464' title='bbox 731 3852 993 3919; x_wconf 77' lang='lat' dir='ltr'><strong>gemacht:</strong></span> <span class='ocrx_word' id='word_1_465' title='bbox 1015 3865 1060 3902; x_wconf 83' lang='lat' dir='ltr'><strong>z.</strong></span> <span class='ocrx_word' id='word_1_466' title='bbox 1081 3848 1208 3916; x_wconf 61' lang='grc'><strong>533.</strong></span> <span class='ocrx_word' id='word_1_467' title='bbox 1229 3847 1294 3901; x_wconf 89' lang='lat' dir='ltr'><strong>de</strong></span> <span class='ocrx_word' id='word_1_468' title='bbox 1397 3850 1743 3917; x_wconf 80' lang='lat' dir='ltr'><strong>Fortsetzung</strong></span> <span class='ocrx_word' id='word_1_469' title='bbox 1791 3849 2078 3917; x_wconf 84' lang='lat' dir='ltr'><strong>entsprieht</strong></span> <span class='ocrx_word' id='word_1_470' title='bbox 2112 3850 2203 3902; x_wconf 88' lang='lat' dir='ltr'><strong>der</strong></span> <span class='ocrx_word' id='word_1_471' title='bbox 2235 3848 2424 3902; x_wconf 76' lang='lat' dir='ltr'><strong>Paren-</strong></span> 
     </span>
    </p>
   </div>
   <div class='ocr_carea' id='block_1_4' title="bbox 264 3916 2423 4046">
    <p class='ocr_par' dir='ltr' id='par_1_11' title="bbox 264 3916 2423 4046">
     <span class='ocr_line' id='line_1_47' title="bbox 264 3916 2423 3987; baseline -0.002 -14"><span class='ocrx_word' id='word_1_472' title='bbox 264 3934 323 3973; x_wconf 75' lang='lat' dir='ltr'><strong>re</strong></span> <span class='ocrx_word' id='word_1_473' title='bbox 348 3935 400 3987; x_wconf 86' lang='lat' dir='ltr'><strong>p.</strong></span> <span class='ocrx_word' id='word_1_474' title='bbox 423 3919 444 3971; x_wconf 91' lang='lat'>1</span> <span class='ocrx_word' id='word_1_475' title='bbox 468 3922 551 3986; x_wconf 84' lang='grc'><strong>37,</strong></span> <span class='ocrx_word' id='word_1_476' title='bbox 576 3922 641 3975; x_wconf 83' lang='grc'><strong>58</strong></span> <span class='ocrx_word' id='word_1_477' title='bbox 675 3923 741 3987; x_wconf 70' lang='grc' dir='ltr'><strong>εἰ,</strong></span> <span class='ocrx_word' id='word_1_478' title='bbox 775 3924 839 3971; x_wconf 77' lang='lat' dir='ltr'><strong>ut</strong></span> <span class='ocrx_word' id='word_1_479' title='bbox 864 3919 1059 3972; x_wconf 73' lang='lat' dir='ltr'><strong>Graeci</strong></span> <span class='ocrx_word' id='word_1_480' title='bbox 1091 3918 1295 3984; x_wconf 73' lang='lat' dir='ltr'><strong>dieunt,</strong></span> <span class='ocrx_word' id='word_1_481' title='bbox 1397 3919 1565 3984; x_wconf 86' lang='lat' dir='ltr'><strong>these,</strong></span> <span class='ocrx_word' id='word_1_482' title='bbox 1604 3918 1729 3970; x_wconf 81' lang='lat' dir='ltr'><strong>aher</strong></span> <span class='ocrx_word' id='word_1_483' title='bbox 1762 3918 1906 3972; x_wconf 85' lang='lat' dir='ltr'><strong>nieht</strong></span> <span class='ocrx_word' id='word_1_484' title='bbox 1939 3917 2056 3970; x_wconf 87' lang='lat' dir='ltr'><strong>dem</strong></span> <span class='ocrx_word' id='word_1_485' title='bbox 2090 3917 2296 3984; x_wconf 76' lang='lat' dir='ltr'><strong>Ansang</strong></span> <span class='ocrx_word' id='word_1_486' title='bbox 2330 3916 2423 3969; x_wconf 86' lang='lat' dir='ltr'><strong>des</strong></span> 
     </span>
     <span class='ocr_line' id='line_1_48' title="bbox 270 3985 1596 4046; baseline -0.001 -6"><span class='ocrx_word' id='word_1_487' title='bbox 270 4004 453 4040; x_wconf 74' lang='lat' dir='ltr'><strong>omnes</strong></span> <span class='ocrx_word' id='word_1_488' title='bbox 487 3992 586 4041; x_wconf 80' lang='lat' dir='ltr'><strong>aut</strong></span> <span class='ocrx_word' id='word_1_489' title='bbox 611 3988 805 4041; x_wconf 73' lang='lat' dir='ltr'><strong>Graios</strong></span> <span class='ocrx_word' id='word_1_490' title='bbox 838 4005 948 4040; x_wconf 73' lang='lat' dir='ltr'><strong>esse</strong></span> <span class='ocrx_word' id='word_1_491' title='bbox 981 3992 1080 4039; x_wconf 79' lang='lat' dir='ltr'><strong>aut</strong></span> <span class='ocrx_word' id='word_1_492' title='bbox 1105 3987 1296 4038; x_wconf 79' lang='lat' dir='ltr'><strong><em>barba·</em></strong></span> <span class='ocrx_word' id='word_1_493' title='bbox 1396 3985 1596 4046; x_wconf 77' lang='lat' dir='ltr'><strong>Satzes.</strong></span> 
     </span>
    </p>
   </div>
  </div>
 </body>
</html>
