2813 4537
773 283 857 335 DE
893 282 1154 337 orrmns
1191 282 1307 337 ΠΒ.
1345 282 1422 336 111.
1496 281 1638 337 cAP.
1660 275 1740 337 2'1.
1778 285 1861 337 22.
2273 276 2397 358 225

235 454 420 516 verbo
442 453 603 518 inter
624 473 688 517 se
711 455 1067 536 discrepare,
1097 474 1164 516 re
1183 473 1377 517 unum
1405 474 1621 518 sonare
1651 455 1980 517 videantur.
2039 456 2173 519 Non
2205 456 2395 519 habeo
2438 469 2499 523 84

235 540 309 601 ad
351 540 507 620 volgi
538 539 887 621 opinionem
919 559 1070 620 quae
1098 541 1289 602 maior
1317 540 1541 603 utilitas
1571 557 1749 622 quam
1777 540 2068 621 regnandi
2098 559 2226 604 esse
2254 559 2396 621 pos-

236 625 329 701 sit,
362 625 511 687 nihil
533 633 741 687 contra
764 625 1034 689 inutilius
1055 626 1126 701 ei,
1162 626 1264 705 qui
1285 626 1346 688 id
1368 625 1588 690 iniuste
1618 634 1979 689 consecutus
2007 626 2102 701 sit,
2135 627 2395 703 invenio,

236 729 374 772 cum
418 712 491 773 ad
536 711 840 774 veritatem
885 712 1059 793 coepi
1100 729 1380 774 revocare
1414 712 1726 774 rationem.
1786 712 2046 774 Possunt
2073 712 2234 773 enim
2267 713 2395 775 cui-

170 809 204 860 5
237 814 415 875 quam
456 815 585 860 esse
626 797 803 859 utiles
842 815 1099 878 angores
1139 797 1586 874 sollicitudines,
1628 797 1828 859 diurni
1865 806 1927 859 et
1955 798 2238 859 nocturni
2265 816 2395 860 me-

236 889 350 957 tus,
381 881 499 943 vita
527 882 877 944 insidiarum
905 882 1428 963 periculorumque
1458 882 1799 963 plenissima
1812 880 1843 943 Ἰ

508 966 689 1030 Multi
714 971 908 1050 iniqui
934 977 1104 1051 atque
1135 967 1394 1050 infideles
1422 970 1619 1050 reyno,
1643 971 1826 1050 pauci
1852 965 2122 1039 benevoli,

233 1051 429 1132 inquit
458 1052 691 1115 Accius.
764 1054 839 1114 At
881 1054 978 1116 cui
1020 1052 1255 1133 regno?
1307 1055 1468 1134 quod
1495 1072 1531 1115 a
1561 1054 1811 1116 Tantalo
1841 1061 1901 1115 et
1929 1053 2148 1133 Pelope
2185 1053 2392 1133 prodi-

232 1145 361 1199 tum
404 1137 534 1199 iure
566 1138 965 1218 optinebatur.
1024 1139 1173 1201 Nam
1203 1147 1428 1218 quanto
1458 1139 1662 1220 plures
1691 1140 1746 1201 ei
1774 1139 1903 1219 regi
1931 1146 2124 1219 putaS,
2157 1138 2259 1217 qui
2290 1157 2392 1200 ex·-

127 1234 189 1287 10
237 1222 426 1284 ercitu
455 1223 664 1303 populi
692 1224 943 1286 Romani
972 1224 1263 1305 populum
1293 1225 1490 1305 ipsum
1519 1224 1856 1287 Romanum
1886 1224 2279 1304 oppressisset
2306 1225 2393 1285 ci-

232 1308 591 1388 vitatemque
621 1327 747 1371 non
777 1311 955 1372 modo
985 1310 1248 1386 liberam,
1290 1311 1393 1373 sed
1440 1310 1616 1372 etiam
1648 1309 1968 1390 gentilibus
1997 1309 2391 1390 imperantem

231 1393 451 1456 servire
470 1393 583 1456 sibi
604 1394 942 1475 coegisset?
995 1395 1172 1458 Hunc
1196 1403 1262 1457 tu
1295 1414 1443 1477 quas
1472 1395 1874 1458 conscientiae
1903 1394 2065 1456 labes
2093 1394 2158 1455 in
2189 1395 2407 1456 animo.
2432 1396 2492 1449 85

231 1498 443 1541 censes
471 1479 766 1557 habuisse,
797 1499 949 1561 quae
979 1481 1222 1544 vulnera
1237 1479 1268 1543 Ἰ
1319 1480 1503 1544 Cuius
1529 1487 1729 1544 autem
1757 1480 1875 1541 vita
1903 1479 2015 1560 ipsi
2046 1486 2244 1560 potest
2272 1480 2389 1542 uti-

230 1564 304 1626 lis
345 1582 493 1640 esse,
537 1583 675 1627 cum
714 1566 842 1628 eius
870 1568 1020 1628 vitae
1051 1584 1118 1629 ea
1148 1567 1422 1629 condicio
1452 1567 1546 1643 sit,
1592 1574 1660 1628 ut
1690 1566 1794 1646 qui
1824 1565 1982 1627 illam
2011 1563 2297 1645 eripuerit
2326 1566 2388 1626 in

122 1660 183 1713 15
228 1649 480 1711 maxima
521 1657 583 1712 et
626 1652 812 1731 gratia
857 1653 1094 1714 futurus
1123 1653 1200 1714 sit
1224 1660 1289 1714 et
1317 1649 1549 1733 gloria?
1609 1652 1784 1724 Quod
1815 1650 1865 1713 si
1893 1652 2037 1712 hacc
2067 1650 2232 1712 utilia
2264 1669 2388 1713 non

232 1742 393 1811 sunt,
433 1754 586 1815 quae
615 1736 869 1798 maxime
898 1737 1190 1813 videntur,
1222 1737 1360 1816 quia
1390 1738 1568 1818 plena
1596 1743 1737 1799 sunt
1767 1735 2071 1797 dedecoris
2099 1754 2168 1796 ac
2196 1736 2390 1815 turpi-

231 1820 474 1898 tudinis,
519 1821 660 1883 satis
700 1840 1051 1902 persuasum
1091 1841 1220 1886 esse
1260 1823 1438 1884 debet
1482 1821 1629 1883 nihil
1670 1839 1799 1884 esse
1842 1820 2014 1896 utile,
2059 1821 2218 1899 quod
2262 1837 2389 1882 non

232 1907 553 1969 honestum
582 1906 676 1968 sit.

405 1991 775 2071 Quamquam
821 1991 880 2053 id
922 1992 1160 2072 quidem
1207 2011 1343 2054 cum
1386 2010 1565 2073 saepe
1601 1990 1742 2053 alias
1770 1997 1899 2053 tum
1927 1988 2137 2069 Pyrrhi
2165 1989 2321 2051 hello
2353 2008 2386 2051 a
2415 1986 2493 2045 22

122 2087 188 2139 m
235 2076 297 2138 C.
328 2075 602 2140 Fabricio
654 2077 900 2141 consule
947 2077 1165 2140 iterum
1211 2086 1270 2139 et
1310 2094 1343 2139 a
1388 2085 1601 2141 senatu
1654 2083 1862 2138 nostro
1914 2073 2235 2137 iudicatum
2280 2083 2385 2138 est.
2430 2070 2492 2123 86

303 2264 350 2315 1.
403 2276 573 2313 unum
595 2279 811 2328 sonare,
857 2261 1254 2329 gleichklingen.
1428 2265 1476 2317 9.
1514 2262 1656 2316 Nam
1690 2265 1891 2329 quanto
1921 2259 2141 2328 plures:
2177 2259 2267 2313 der
2290 2259 2391 2314 Ge·

230 2330 281 2382 d.
313 2330 347 2383 i.
384 2329 587 2395 gleiche
619 2329 927 2397 Bedeutung
957 2332 1153 2392 habem
1191 2330 1256 2384 de
1358 2330 1703 2399 dankengang
1717 2330 1987 2383 istdieser:
2008 2334 2068 2380 at
2080 2331 2393 2394 euiregno?

230 2397 320 2451 fin.
340 2396 381 2449 11
400 2401 446 2463 2,
468 2400 500 2450 6
523 2413 632 2449 non
651 2397 964 2463 intellegere
985 2399 1258 2450 interdum
1361 2400 1507 2464 quod
1537 2429 1573 2436 —
1605 2403 1725 2450 iure
1763 2399 2121 2449 obtinebatur.
2172 2398 2245 2448 At
2277 2397 2389 2448 alia

233 2465 367 2532 quid
385 2470 540 2517 sonet
561 2467 693 2518 haee
715 2481 824 2516 vox
859 2467 1166 2534 voluptatis,
1199 2467 1261 2518 id
1360 2469 1521 2518 huius
1553 2470 1715 2533 regni
1748 2481 1912 2518 eausa
1941 2470 2033 2516 est.
2072 2463 2214 2516 Nam
2237 2481 2390 2517 exer-

232 2538 330 2599 ent,
357 2550 495 2599 quae
517 2550 604 2585 res
628 2535 758 2585 kuic
786 2536 910 2586 voci
941 2536 1259 2586 subiciatur.
1361 2537 1474 2587 citu
1483 2534 1681 2602 populi
1693 2532 1925 2585 Romani
1937 2532 2198 2600 populum
2215 2535 2390 2599 ipsum

232 2601 333 2654 Der
355 2601 559 2670 'Pi-opus
594 2617 762 2653 unum
794 2618 906 2656 son.
944 2603 1013 2655 ist
1037 2602 1149 2655 hier
1171 2616 1260 2669 ge-
1360 2601 1661 2655 Romanum
1696 2604 1970 2669 oppressit.
2034 2600 2246 2665 Quanto
2284 2603 2391 2667 igi-

234 2669 397 2722 wiihlt
413 2709 426 2736 ‚
470 2670 590 2722 weil
627 2685 683 2723 er
717 2671 834 2724 dem
870 2673 1028 2723 verbo
1065 2671 1261 2722 disere-
1367 2676 1457 2723 tur
1495 2670 1683 2739 plures
1729 2673 1780 2720 ei
1817 2670 1940 2735 regi
1972 2671 2187 2734 iniquos
2221 2672 2390 2720 etin·

225 2754 366 2806 pare
401 2739 704 2806 entspricht.
1363 2738 1549 2802 fideles
1584 2740 1787 2806 putas?
1853 2736 2107 2790 Aehnlich
2148 2736 2218 2789 ist
2260 2752 2388 2788 nam

305 2810 353 2860 5.
374 2811 588 2860 noctur.
608 2812 809 2860 metus.-
839 2806 968 2861 fiber
978 2806 1078 2859 den
1088 2804 1262 2859 Plural
1362 2807 1403 2859 11
1439 2807 1473 2875 ὅ
1508 2810 1572 2860 47
1612 2806 1906 2875 gebraucht.

174 2944 184 2960 .
233 2890 277 2927 ⁵·
313 2889 357 2928 Ζ·
393 2873 415 2925 Ῑ
448 2875 482 2943 5
516 2878 600 2929 4¹·
1441 2911 1517 2962 13.
1558 2907 1723 2960 Cuius
1754 2911 1935 2959 autem
1969 2908 2084 2958 vita
2103 2912 2230 2962 cen:
2255 2907 2389 2961 Phil.

234 2944 386 3063 ιιὲ...
405 2957 585 3064 ᾒέἷξὲἰ.
612 2942 1263 3079 Ξῑῖέοῗὸηέἐὲηῗῖῖίῗ
1362 2976 1705 3108 ξίζξῆῑωτξ
1731 2980 1873 3096 ⁰333?
1909 2980 2086 3095 ⁶323}
2123 2975 2393 3097 §fixa

236 3076 396 3131 durch
420 3078 509 3131 der
537 3079 659 3133 Vers
685 3084 904 3134 zerstort
928 3078 1073 3133 wird.
1114 3078 1260 3132 Auch
1365 3129 1526 3166 eam
1559 3130 1668 3164 3333
1702 3128 1863 3180 quam
1896 3059 2089 3177 gomi,
2123 3113 2269 3164 nihil
2300 3129 2390 3165 w,

234 3151 381 3266 gasst
400 3149 529 3199 boni
547 3149 721 3201 weder
738 3148 854 3201 dem
871 3147 1029 3201 Sinne
1049 3149 1180 3200 nach
1198 3164 1263 3200 zu
1361 3186 1613 3250 iuquam
1644 3180 1898 3248 proficiet
1925 3196 2024 3232 πω
2046 3179 2248 3231 valebit
2268 3196 2390 3233 ora-

235 3228 372 3334 ..ε’ςῑ,
395 3213 1037 3337 32232222130535025552
1072 3232 1266 3337 {3⁸33}
1364 3254 1503 3385 33
1520 3250 2058 3384 33333333
2079 3247 2277 3368 333
2288 3265 2392 3369 3

235 3417 320 3470 ein
355 3417 449 3469 mit
473 3418 589 3471 aem
612 3416 763 3471 nativ
799 3436 863 3472 zu
888 3419 1262 3473 verbinaenaes
1363 3403 1548 3453 mm·
1596 3390 1693 3454 Μ
1725 3402 1787 3437 ⁶⁰
1826 3385 1940 3451 ¹⁰8⁶·
1972 3387 2136 3450 '’ivi‘’
2180 3390 2386 3439 utnon

234 3484 1262 3610 2121503301iffaewazvz‘zfflz
1360 3457 1570 3577 m
1590 3453 1971 3584 mair-⁶3
2003 3458 2198 3588 ‘W‘
2220 3469 2389 3573 m

235 3638 328 3676 aus
374 3621 548 3677 Attius
593 3621 872 3690 Aegisthus
917 3627 1261 3690 entmmmen,
1360 3592 1460 3656 Μ
1484 3594 1675 3659 pmc-

234 3364 408 3416 regno
432 3378 474 3387 -
501 3352 553 3401 ei
581 3354 718 3416 regi.
752 3350 853 3404 Der
876 3350 1003 3404 Sinn
1026 3352 1263 3419 verlangt

235 3690 338 3743 wie
373 3706 491 3743 man
526 3707 618 3745 aus
654 3690 753 3745 den
788 3690 1006 3745 Worten
1051 3708 1085 3743 a
1124 3691 1262 3744 Tan-
1441 3679 1516 3730 19·
1555 3677 1727 3757 Quam
1754 3744 1765 3756 ‚
1836 3675 1982 3756 midy
2020 3673 2154 3728 doch
2170 3673 2390 3755 §lffl'fiber

235 3759 346 3811 talo
373 3764 426 3810 et
446 3759 637 3826 Pelope
703 3760 943 3813 manum
980 3759 1261 3813 schliesgen
1363 3743 1504 3796 kann
1555 3747 1731 3810 eigent
1753 3744 1835 3796 ich
1887 3742 2009 3795 kem
2055 3742 2214 3796 Streit
2260 3757 2389 3809 sem,

234 3825 388 3881 kann,
437 3825 555 3895 Vgl,
592 3828 614 3880 1
715 3831 798 3882 97,
1364 3811 1501 3865 deun
1534 3829 1585 3864 u.
1617 3828 1658 3866 s,
1687 3828 1781 3874 w.;
1830 3812 1935 3879 vgl.
1969 3811 2011 3863 11
2046 3812 2080 3879 ς
2118 3814 2184 3864 74
2219 3826 2392 3878 neque

306 3897 352 3950 8.
407 3896 713 3964 proditum,
772 3895 821 3952 d.
856 3897 890 3950 i.
944 3894 1102 3950 durch
1136 3895 1262 3951 Erb-
1366 3886 1561 3933 “mm-

234 3962 405 4016 schaft
436 3963 749 4019 fiberliesert.
1431 3980 1589 4032 saepe
1623 3963 1790 4017 aliae.-
1826 3981 1872 4021 z.
1908 3965 1942 4034 ὅ
1981 3967 2063 4020 47.

341 4055 434 4100 Cic.
459 4055 515 4100 de
544 4055 722 4147 offici-is.
774 4059 813 4101 5.
843 4058 958 4102 Aua.
1918 4054 1981 4105 15
