2813 4537
419 268 540 332 118
973 273 1056 325 DE
1093 273 1354 326 OFFIGIIS
1390 274 1509 329 ΠΒ.
1532 274 1568 328 Ι.
1629 274 1771 328 cAP.
1796 278 1880 328 43.
1903 278 1987 331 44.

412 443 853 525 discrimenque
883 444 1125 526 patriae,
1169 446 1265 507 cui
1295 444 1606 508 subvenire
1638 446 2034 527 opitularique
2063 448 2271 527 possit,
2305 468 2427 510 non
2457 449 2556 511 illa

410 529 612 590 omnia
642 529 939 610 relinquat
966 539 1145 611 atque
1174 529 1406 605 abiciat,
1453 531 1625 593 etiam
1653 532 1706 593 si
1737 532 2111 595 dinumerare
2141 553 2205 595 se
2232 533 2429 609 ⁴stellas
2455 543 2559 597 aut

410 615 607 676 metiri
649 615 855 676 muudi
896 615 1379 695 magnitudinem*
1409 634 1584 696 posse
1621 615 1984 688 arbitretur?
2036 619 2229 698 Atque
2258 621 2372 681 hoc
2399 620 2555 682 idem

309 699 471 761 155iu
502 700 782 780 parentis,
814 701 875 761 in
907 701 1079 762 amici
1109 720 1174 762 ne
1202 708 1307 762 aut
1335 701 1602 781 periculo
1634 702 1856 765 fecerita
1911 700 2143 773 Quibus
2167 704 2354 767 rebus
2379 705 2555 768 intel-

409 784 624 864 legitur
652 786 862 847 studiis
890 786 1221 866 officiisque
1249 786 1530 848 scientiae
1559 789 1978 867 praeponenda
2007 807 2135 851 esse
2166 790 2359 853 officia
2389 791 2556 853 iusti·
2595 800 2628 851 5

410 869 545 945 tiae,
577 888 727 951 quae
754 871 1062 952 pertinent
1080 872 1152 932 ad
1173 872 1483 933 bominum
1503 871 1840 948 utilitatem,
1867 892 1982 955 qua
2005 874 2155 936 nibil
2176 875 2402 937 homini
2426 894 2553 937 esse

304 959 381 1016 44
414 954 590 1018 debet
616 955 936 1036 antiquius.
1011 958 1203 1037 Atque
1230 956 1336 1033 illi,
1373 975 1628 1037 querum
1657 958 1850 1020 studia
1878 959 2115 1040 vitaque
2141 961 2339 1022 omnis
2367 961 2428 1022 in
2459 978 2554 1022 re·
2583 977 2587 982 ’

408 1059 543 1102 rum
573 1041 914 1120 cognitione
941 1049 1166 1103 versata
1196 1049 1307 1116 est,
1344 1050 1540 1104 tamen
1571 1042 1646 1104 ab
1675 1044 1963 1123 augendis
1989 1045 2299 1107 bominum
2329 1045 2555 1107 utilita-

406 1126 567 1187 tibus
597 1135 654 1186 et
683 1125 1010 1188 commodis
1040 1145 1162 1188 nou
1193 1136 1586 1189 recesserunt.
1637 1128 1785 1191 Nam
1816 1138 1874 1191 et
1901 1130 2284 1193 erudiverunt
2309 1130 2552 1206 multoS,

407 1228 528 1291 quo
557 1209 830 1272 meliores
854 1211 1011 1273 cives
1034 1211 1419 1292 utilioresque
1439 1213 1618 1276 rebus
1641 1215 1765 1276 suis
1786 1213 2043 1295 publicis
2064 1226 2283 1293 essent,
2311 1226 2380 1279 ut
2399 1216 2554 1278 The·
2597 1224 2655 1276 1ο

403 1295 627 1357 banum
670 1296 1141 1376 Epaminondam
1181 1297 1350 1377 Lysis
1393 1296 1829 1378 Pythagoreus,
1879 1299 2256 1378 Syracosium
2300 1301 2552 1363 Dionem

303 1433 309 1440 .
403 1378 570 1442 Plato
616 1380 908 1462 multique
949 1381 1187 1457 multos,
1231 1401 1461 1462 nosque
1503 1384 1619 1464 ipsi
1662 1384 1943 1465 quicquid
1985 1384 2057 1446 ad
2097 1403 2221 1447 rem
2254 1386 2550 1466 publicam

403 1466 724 1541 attulimus,
754 1466 805 1528 si
835 1468 1012 1529 modo
1041 1467 1260 1548 aliquid
1293 1467 1617 1542 attulimus,
1646 1488 1679 1531 a
1703 1468 2047 1531 doctoribus
2073 1477 2252 1551 atque
2280 1470 2551 1533 doctrina

301 1550 681 1613 156instructi
712 1552 785 1613 ad
815 1570 942 1614 eam
975 1561 1031 1614 et
1061 1553 1254 1615 ornati
1284 1553 1659 1615 accessimus.
1745 1554 1950 1634 Neque
1980 1553 2172 1617 solum
2220 1556 2333 1617 vivi
2375 1565 2551 1636 atque

401 1645 742 1716 praesentes
768 1637 1062 1700 studiosos
1091 1637 1354 1700 discendi
1379 1638 1662 1701 erudiunt
1678 1647 1858 1720 atque
1880 1640 2114 1716 docent,
2136 1642 2239 1703 sed
2261 1641 2377 1703 hoc
2395 1641 2551 1704 idem
2597 1648 2653 1699 15

399 1721 573 1783 etiam
618 1730 754 1804 post
794 1733 1046 1785 mortem
1089 1723 1499 1785 monumentis
1549 1723 1874 1787 litterarum
1926 1735 2342 1807 assequuntur.
2428 1726 2551 1787 Nec

399 1807 558 1868 euim
587 1806 757 1870 locus
787 1807 947 1871 ullus
975 1817 1064 1871 est
1096 1808 1551 1890 praetermissus
1588 1809 1662 1871 ab
1705 1810 1799 1884 iis,
1844 1809 1947 1891 qui
1989 1811 2062 1873 ad
2103 1811 2285 1891 legeS,
2331 1811 2433 1893 qui
2477 1812 2548 1873 ad

397 1911 614 1967 mores,
645 1892 749 1973 qui
778 1894 850 1955 ad
882 1893 1254 1974 disciplinam
1283 1894 1371 1955 rei
1403 1893 1678 1975 publicae
1701 1896 2045 1976 pertineret,
2075 1906 2141 1958 ut
2166 1898 2351 1960 otium
2373 1914 2547 1960 suum

396 1977 467 2038 ad
499 1987 767 2039 nostrum
798 1979 1100 2056 negotium
1133 1978 1456 2039 contulisse
1488 1979 1811 2042 videantur.
1870 1980 1955 2041 lta
1985 1981 2072 2041 illi
2103 1982 2215 2061 ipsi
2247 1982 2549 2043 doetrinae

396 2062 608 2124 studiis
656 2072 714 2122 et
758 2063 1081 2143 sapientiae
1124 2063 1305 2124 dediti
1334 2062 1406 2124 ad
1440 2063 1747 2125 bominum
1785 2064 2091 2127 utilitatem
2121 2084 2286 2127 suam
2315 2065 2548 2128 intelle·
2592 2073 2651 2125 20

394 2146 651 2225 gentiam
682 2146 1174 2228 prudentiamque
1204 2146 1581 2228 potissimum
1611 2149 1946 2224 conferunt,
1986 2150 2061 2210 ob
2094 2169 2339 2232 eamque
2370 2150 2544 2213 etiam

395 2249 629 2294 causam
674 2230 873 2312 eloqui
916 2233 1178 2314 copiose,
1230 2232 1406 2294 modo
1450 2233 1793 2314 prudenter,
1844 2234 2057 2297 melius
2101 2244 2191 2299 est
2233 2255 2409 2317 quam
2451 2236 2544 2298 vel

460 2384 510 2436 6.
547 2383 823 2434 hominum
855 2382 1172 2449 utilitatem,
1208 2383 1256 2436 d.
1276 2384 1309 2437 i.
1346 2384 1421 2435 ad

391 2465 721 2501 communem
743 2451 1183 2516 utilitatem,·wie
1199 2452 1269 2504 im
1291 2452 1419 2520 solg.

392 2517 548 2571 Satze
581 2520 646 2569 ab
682 2519 945 2585 augendis
987 2522 1124 2573 lzom.
1161 2521 1418 2571 utilitati-

391 2589 488 2637 bus
519 2586 625 2639 und
660 2589 691 2652 ξ
715 2591 813 2642 156
850 2589 924 2639 ad
956 2590 1232 2640 hominum
1267 2589 1418 2640 utili-

392 2659 553 2706 tatem
603 2659 786 2722 gesagt
832 2657 917 2710 ist.
987 2655 1134 2709 Denn
1179 2657 1271 2709 das
1314 2657 1415 2709 den

387 2721 763 2776 Mitmenschen
798 2724 1069 2777 Nfitzliche
1111 2740 1174 2777 zu
1210 2725 1416 2778 sordem

387 2791 458 2842 ist
493 2791 574 2843 die
610 2792 1084 2858 hauptsiichlichste
1101 2791 1289 2845 Pflicht
1325 2793 1417 2846 der

389 2857 796 2924 Gerechtigkeit3
857 2875 899 2913 s.
945 2859 967 2911 1
1015 2862 1046 2923 ξ
1084 2862 1151 2912 22
1200 2865 1260 2912 in
1313 2864 1416 2914 hec

387 2931 644 2978 naturam
701 2928 947 2979 debemus
1004 2928 1190 2979 dulcem
1244 2930 1438 2996 sequi,

387 3010 692 3046 communes
745 2996 1010 3047 utilitates
1064 2999 1125 3047 in
1179 2998 1414 3049 medium

386 3063 602 3126 afferre.

456 3135 506 3186 9.
543 3130 686 3183 Nam
704 3136 782 3182 et:
819 3131 935 3184 dem
953 3133 1238 3200 entspricht
1256 3133 1289 3201 ξ
1314 3138 1409 3187 156

385 3216 558 3266 neque
588 3200 764 3251 solum
803 3229 840 3238 -
876 3201 972 3252 sed
1002 3204 1182 3254 etiam.
1236 3246 1243 3250 .

459 3271 537 3321 11.
562 3268 746 3336 Lysis.-
771 3268 855 3321 bei
879 3268 967 3321 der
985 3268 1304 3337 Verfolgung
1319 3270 1411 3323 der

385 3335 738 3404 Pythagoreer
770 3335 824 3388 in
849 3335 1187 3390 Unteritalien
1220 3343 1409 3392 rettete

384 3419 441 3456 er
458 3403 571 3456 sich
592 3419 698 3457 von
719 3404 888 3456 seiner
905 3404 1201 3458 Vaterstadt
1219 3404 1411 3459 'Parent

385 3473 516 3525 nach
538 3471 764 3538 Theben,
794 3487 877 3524 wo
904 3487 959 3524 er
981 3473 1113 3526 auch
1135 3474 1292 3527 starb.
1338 3474 1408 3528 Es

384 3541 592 3594 werden
625 3541 733 3593 ihm
768 3538 1026 3594 Schriften
1060 3542 1188 3594 iiber
1214 3540 1410 3610 Pytha-

383 3624 535 3676 goras
571 3608 674 3662 und
708 3608 851 3662 scine
884 3609 1048 3662 Lehre
1082 3610 1358 3677 beigelegt.

451 3677 800 3746 Syracosius.-
824 3677 908 3730 die
925 3677 1258 3744 griechische,
1284 3679 1408 3731 aber

382 3746 515 3798 auch
548 3746 619 3797 im
652 3746 1009 3798 Lateinischen
1053 3746 1196 3799 nicht
1236 3747 1403 3800 seiten

380 3813 693 3879 gebrauchte
728 3814 1119 3879 Adjectivsorm.

450 3881 580 3947 Dio,
633 3880 722 3934 der
777 3881 957 3935 Oheim
1011 3883 1101 3936 des
1146 3884 1403 3950 jungeren

379 3947 685 4016 Dionysius,
749 3949 935 4003 dessen
986 3950 1281 4004 Herrschaft
1347 3967 1403 4004 er
1498 3952 1797 4020 prudentia
1832 3953 2204 4005 theoretisches

1520 2386 2290 2522 {fflixssssfi‘pffisssstss‘
2303 2387 2544 2521 225⁸&

1520 2520 1598 2573 als
1633 2519 1783 2574 Plato
1809 2524 1908 2576 389
1932 2538 1984 2574 v.
2009 2523 2125 2577 Chr.
2162 2524 2294 2576 nach
2318 2523 2541 2592 Syracus

1518 2588 1667 2654 kam,
1720 2589 1885 2656 folgte
1921 2605 1977 2642 er
2016 2591 2123 2642 ihm
2174 2592 2278 2644 und
2314 2607 2423 2643 war
2457 2592 2541 2644 ein

1518 2660 1687 2709 treuer
1720 2657 1997 2724 Anhiinger
2042 2659 2211 2712 seiner
2255 2660 2413 2712 Lehre
2459 2660 2540 2712 his

1517 2740 1633 2777 zum
1657 2725 1802 2778 Ende
1821 2727 1994 2779 seines
2019 2727 2242 2780 vielfach
2266 2728 2540 2795 bewegten

1517 2793 1716 2846 Lebens
1751 2797 1873 2859 (353
1896 2810 1947 2847 V.
1968 2794 2120 2860 Chr.).

1589 2864 1667 2914 12.
1687 2877 1889 2928 nosque
1903 2866 2039 2929 ipsi·-
2051 2863 2121 2916 de
2140 2868 2243 2916 nat.
2259 2863 2395 2916 deor.
2409 2863 2491 2929 13,
2505 2867 2536 2917 6

1515 2945 1615 2981 noe
1636 2958 1677 2967 —-
1699 2945 1819 2982 cum
1840 2933 2060 2982 minime
2075 2932 2406 2998 videbamur,
2423 2937 2537 2984 tum

1513 3000 1750 3049 maxime
1765 2999 2296 3066 philosophabantur,
2322 3001 2467 3066 quod
2487 3005 2539 3050 et

1514 3069 1785 3117 orationes
1807 3066 2088 3120 declarant
2108 3067 2345 3130 refertae
2364 3068 2538 3135 philo-

1512 3136 1803 3200 sophorum
1835 3139 2113 3187 sententiis
2135 3142 2187 3187 et
2212 3137 2537 3188 deotissime-

1510 3217 1635 3252 rum
1658 3204 1934 3255 hominum
1956 3202 2389 3267 familiaritates,
2419 3207 2536 3270 qui-

1512 3271 1607 3321 bus
1639 3286 1846 3337 semper
1881 3273 2069 3324 domus
2107 3278 2297 3324 nostra
2329 3273 2537 3337 floruit,

1511 3342 1565 3388 et
1590 3342 1869 3406 principes
1900 3340 1988 3391 illi
2018 3341 2316 3404 Diodotus,
2362 3340 2533 3403 Philo,

1508 3406 1832 3473 Antiochus,
1877 3409 2224 3472 Posidonius,
2273 3424 2306 3458 a
2342 3409 2533 3472 quibus

1508 3477 1745 3527 instituti
1777 3492 1978 3528 sumus.
2030 3475 2129 3528 Der
2158 3475 2408 3527 Nachsatz
2444 3489 2532 3525 ae-

1510 3546 1758 3594 cem-imus
1812 3545 2096 3612 entspricht
2144 3543 2259 3596 dem
2309 3541 2532 3594 zweiten

1508 3609 1658 3663 Tbeil
1711 3611 1803 3664 des
1855 3611 2220 3666 Vordersatzes
2273 3613 2325 3660 si
2373 3611 2530 3662 modo

1508 3679 1581 3730 al.
1616 3685 1727 3745 att„
1769 3680 1912 3732 nicht
1946 3680 2062 3733 dem
2098 3678 2364 3744 quidquid
2396 3683 2494 3731 cet.

1581 3751 1659 3801 14.
1678 3751 1791 3799 vivi
1801 3753 1962 3813 atque
1969 3752 2273 3815 praesentes
2284 3765 2303 3798 .·
2321 3751 2533 3815 person-

1507 3815 1638 3877 lich;
1676 3833 1717 3869 s.
1756 3816 1789 3884 ὃ
1823 3820 1906 3870 41.

1575 3886 1658 3937 20.
1677 3885 2061 3950 intellegentia,
2076 3883 2147 3936 im
2160 3884 2200 3937 G
2271 3888 2447 3964 ensatz
2467 3900 2533 3935 zu

2306 3967 2463 4005 issen.
