2813 4537
420 268 545 334 238
1022 270 1109 326 DE
1146 270 1406 325 omens
1442 269 1562 328 Lm.
1585 270 1663 327 111.
1721 270 1866 328 cAP.
1890 274 1976 327 29.

421 443 613 509 tolio
653 443 987 506 vicinam
1030 444 1236 507 Iovis
1279 444 1550 524 optimi
1584 442 1935 519 maximi’,
1979 451 2047 506 ut
2075 442 2138 506 in
2171 443 2414 507 Catonis
2440 463 2588 507 ora-

318 531 582 594 105tione
614 536 722 604 est,
753 529 1101 592 ‘maiores
1128 530 1379 592 nostri
1412 548 1575 591 esse
1605 528 2059 592 voluerunt.'
2082 563 2166 575 —
2197 531 2292 592 ‘At
2311 529 2475 592 enim
2495 550 2585 592 ne

418 617 607 679 iratus
648 614 889 695 quidem
918 614 1190 695 Iuppiter
1229 615 1367 695 plus
1395 615 1625 695 Regulo
1656 613 1961 677 nocuisset
2004 633 2182 695 quam
2224 615 2338 678 sibi
2369 617 2587 679 nocuit

419 703 547 783 ipse
575 700 879 780 Regulus)
940 700 1131 777 Certe,
1162 701 1214 763 si
1243 700 1391 762 nihil
1417 700 1638 762 malum
1668 708 1825 762 esset
1852 700 1969 762 nisi
1997 701 2217 763 dolere.
2283 702 2351 763 Id
2377 709 2586 764 autem

421 805 546 849 non
587 787 766 848 modo
809 804 930 847 non
971 805 1271 848 summum
1313 786 1569 861 malum,
1622 786 1726 849 sed
1780 804 1857 847 ne
1899 786 2121 848 malum
2167 785 2426 866 quidem-
2449 806 2587 850 esse
2616 799 2652 850 5

419 872 672 935 maxima
742 871 1092 934 auctoritate
1162 871 1505 952 philosophi
1560 872 1896 933 adfirmant.

1995 871 2267 943 Quorum
2336 872 2585 952 quidem

418 966 628 1021 testem
669 975 794 1019 non
824 957 1214 1033 mediocrem,
1256 958 1362 1019 sed
1390 958 1548 1019 haud
1580 956 1705 1034 scio
1734 975 1814 1018 an
1829 956 2251 1036 gravissimum
2280 958 2585 1037 Regulum

419 1043 625 1121 nolite,
654 1061 896 1122 quaeso,
925 1042 1280 1122 vituperare.
1340 1041 1535 1114 Quem
1564 1042 1726 1104 enim
1753 1042 2205 1122 locupletiorem
2236 1043 2585 1123 quaerimus

419 1147 597 1209 quam
625 1128 962 1209 principem
992 1128 1200 1209 populi
1228 1128 1513 1203 Romani,
1557 1128 1661 1208 qui
1690 1127 1989 1189 retinendi
2018 1128 2199 1189 officii
2228 1146 2406 1191 causa
2435 1147 2583 1190 cru-

417 1216 639 1278 ciatum
667 1213 920 1276 subierit
945 1213 1346 1276 voluntarium
1359 1212 1392 1274 ‘1
1463 1213 1613 1275 Nam
1644 1214 1805 1294 quod
1834 1213 2005 1274 aiunt
2041 1214 2305 1276 ‘minima
2334 1215 2409 1276 de
2451 1232 2584 1275 ma-

416 1300 527 1375 lis’,
580 1299 639 1362 id
679 1307 780 1361 est
793 1344 810 1375 ‚
858 1306 929 1360 ut
967 1299 1226 1380 turpiter
1266 1298 1470 1380 potius
1513 1317 1692 1379 quam
1734 1298 2106 1361 calamitose:
2160 1318 2237 1360 an
2268 1306 2360 1361 est
2386 1298 2583 1361 ullum

417 1386 607 1448 maius
634 1384 855 1446 malum
883 1385 1253 1465 turpitudine
1267 1382 1300 1444 ‘1
1341 1402 1495 1464 quae
1523 1384 1575 1446 si
1602 1384 1666 1447 in
1696 1384 2071 1446 deformitate
2099 1383 2371 1465 corporis
2399 1385 2584 1446 habet

418 1469 639 1549 aliquid
682 1469 1061 1545 offensionis,
1109 1476 1332 1550 quanta
1373 1470 1475 1531 illa
1520 1469 1858 1550 depravatio
1890 1476 1952 1531 et
1978 1470 2227 1532 foeditas
2255 1469 2581 1550 turpificati

266 1604 277 1608 -
316 1565 402 1617 106
415 1555 599 1617 animi
642 1554 819 1616 debet
855 1554 1070 1616 videri!
1129 1555 1338 1635 Itaque
1368 1554 1679 1618 nervosius
1709 1554 1812 1635 qui
1852 1555 1963 1617 ista
1993 1555 2291 1617 disserunt
2333 1556 2579 1617 solum

418 1641 642 1704 audent
669 1640 890 1702 malum
920 1639 1117 1702 dicere
1146 1641 1237 1716 id,
1270 1641 1466 1721 quod
1493 1647 1717 1721 turpe
1743 1640 1874 1716 sit,
1911 1641 2014 1720 qui
2043 1648 2241 1703 autem
2269 1640 2578 1703 remissius
2624 1649 2686 1703 15

418 1727 459 1788 ii
503 1734 700 1788 tamen
746 1743 871 1788 non
918 1725 1196 1792 dubitant
1238 1744 1601 1788 summum
1645 1726 1914 1788 malum
1946 1725 2161 1788 dicere.
2250 1726 2400 1787 Nam
2429 1726 2578 1790 illud

418 1812 659 1892 quidem
673 1858 690 1888 ‚

829 1895 1024 1978 Neque
1052 1896 1185 1959 dedi
1208 1915 1390 1978 neque
1418 1897 1490 1959 do
1520 1896 1748 1978 infideli
1771 1901 2077 1978 cuiquam,

418 1945 641 2044 idcirco
671 1988 834 2043 recte
862 2000 897 2042 a
926 1990 1132 2063 poeta,
1188 1982 1356 2063 quia,
1411 2001 1549 2044 cum
1589 1989 1946 2045 tractaretur
1982 1982 2197 2043 Atreus
2212 2028 2228 2057 ‚
2279 1999 2576 2063 personae

417 2067 792 2130 serviendum
814 2066 944 2128 fuit.
1005 2066 1123 2129 Sed
1151 2066 1201 2129 si
1230 2068 1346 2129 hoc
1376 2067 1491 2129 sibi
1520 2075 1777 2143 sument,
1810 2067 2034 2128 nullam
2064 2085 2193 2129 esse
2222 2067 2401 2130 fidem
2424 2077 2679 2147 quaen)

315 2163 401 2215 161
416 2152 641 2215 mfideh
693 2151 828 2213 data
870 2151 979 2227 sit,
1030 2152 1268 2216 videant
1318 2171 1396 2216 ne
1451 2161 1769 2232 quaeratur
1816 2151 2044 2214 latebra
2089 2152 2371 2233 periurio.
2445 2150 2578 2238 [Est

529 2324 572 2373 1.
632 2319 849 2372 Catonis
906 2323 1185 2372 oratione.-
1241 2321 1445 2375 welche

415 2388 557 2442 Rede
592 2387 684 2440 des
721 2387 886 2441 alteru
922 2388 1048 2441 Cato
1090 2389 1317 2455 gemeint
1350 2391 1446 2456 sei,

413 2459 546 2511 l'asst
580 2456 692 2515 sich
728 2456 870 2509 nicht
903 2471 1080 2523 sagen.

488 2529 536 2580 5.
579 2540 692 2577 non
723 2526 883 2576 modo
924 2540 1053 2577 non.
1118 2523 1224 2577 Das
1258 2526 1448 2578 zweite

417 2607 484 2648 zu
522 2610 633 2646 non
666 2594 825 2644 modo
860 2593 1106 2660 gehon-ige
1148 2609 1261 2645 non
1302 2609 1447 2647 muss

417 2663 562 2716 nicht
579 2661 916 2728 nothwendig
932 2661 1124 2727 fehlen,
1142 2676 1296 2714 wenn
1312 2662 1447 2714 auch

416 2732 519 2784 alle
545 2746 610 2782 zu
644 2730 677 2797 ὅ
698 2734 762 2783 77
794 2729 1119 2796 aufgezfihlte
1148 2729 1444 2796 Bedingun-

453 2815 517 2853 en
539 2813 596 2851 es
610 2798 967 2864 wegznlassen
984 2797 1281 2852 voi-handen
1299 2797 1440 2861 sind;

452 2881 589 2920 eor.
637 2865 814 2931 1172,
850 2868 953 2919 294
1003 2871 1069 2917 ut
1119 2881 1230 2917 non
1282 2867 1443 2918 modo

415 2951 528 2988 mm
574 2935 810 2998 abiecte,
860 2934 955 2984 sed
982 2950 1054 2985 ne
1085 2937 1286 2986 reiecto
1326 2938 1446 3000 qui-

416 3003 537 3055 dem
568 3006 723 3054 scuto
755 2999 950 3066 fugere
982 3002 1187 3055 videar.
1243 3002 1298 3055 in
1332 3002 1443 3056 Cat.

413 3071 483 3126 lv
517 3071 674 3137 9,19
720 3070 783 3120 id
821 3085 893 3120 πο
923 3085 1178 3136 umquam
1218 3073 1447 3137 posthac

413 3157 525 3194 non
559 3139 717 3191 modo
751 3153 863 3191 non
898 3137 1095 3200 confici
1125 3139 1222 3192 sed
1249 3154 1320 3191 ne
1354 3155 1444 3192 co-

409 3211 589 3276 gitari
620 3208 837 3274 quidem
865 3210 1049 3274 possit.

485 3281 533 3332 6.
600 3278 844 3328 maa-ima
903 3278 1226 3328 auctoritate
1289 3276 1445 3343 phil„

416 3346 499 3399 die
535 3343 758 3397 Stoiker.

491 3417 567 3468 10.
604 3411 761 3464 Nm
779 3412 834 3464 in
868 3412 958 3465 der
991 3414 1293 3480 occupatio,
1327 3427 1369 3466 s.
1394 3428 1440 3467 z.

415 3484 450 3553 Q
467 3486 534 3537 84
567 3480 674 3535 und
707 3480 748 3532 11
785 3480 818 3548 ξ
841 3483 925 3533 47.

488 3555 567 3605 11.
620 3565 693 3601 an
735 3555 816 3601 est
856 3549 1042 3600 ullum.
1111 3547 1204 3601 Die
1240 3548 1443 3601 Wider·

415 3622 612 3699 legung
644 3618 739 3671 mit
761 3632 835 3669 an
867 3617 940 3669 ist
972 3616 1068 3669 mit
1091 3616 1183 3669 der
1205 3616 1446 3685 Behaup·

416 3694 545 3756 tung
567 3688 620 3739 in
646 3686 836 3739 einen
861 3684 983 3738 Satz
1001 3698 1260 3752 gezogen:
1297 3684 1444 3738 ‘Was

415 3757 507 3811 das
538 3754 803 3810 anhetrifft
836 3783 904 3792 —
937 3768 998 3807 so
1033 3767 1159 3821 sege
1191 3753 1302 3819 ich,
1347 3753 1446 3806 das

414 3825 483 3877 ist
517 3823 710 3876 salsch.
747 3823 891 3890 giebt
925 3837 985 3875 es
1018 3822 1153 3875 denn
1189 3822 1273 3874 ein
1287 3792 1444 3888 ’gros

415 3907 556 3947 seres
600 3889 764 3943 Uebel
807 3908 859 3943 ιι.
895 3906 935 3944 s.
975 3892 1056 3944 w.’
1127 3890 1192 3943 ad
1226 3890 1365 3943 Fam.
1400 3889 1445 3943 Η

421 3962 498 4025 16,
522 3963 552 4013 5
600 3957 744 4010 Nam
777 3958 923 4025 quod
954 3973 1148 4026 rogas,
1180 3963 1246 4011 ut
1274 3963 1445 4026 respi-

1547 2324 1687 2374 ciam
1717 2335 1983 2387 generum
2013 2335 2191 2372 meum
2229 2349 2271 2361 --
2315 2336 2388 2373 an
2424 2322 2579 2374 dubi-

1548 2395 1660 2456 tas,
1713 2405 1834 2443 cum
1877 2393 2019 2442 scias
2065 2395 2259 2456 quana
2298 2389 2457 2441 illum
2488 2389 2579 2452 fa·-

1705 2460 1890 2524 ,quin
1923 2474 1989 2509 ea
2020 2473 2106 2509 me
2138 2472 2273 2510 eura
2309 2458 2576 2511 sollicitet.

1548 2525 1774 2594 Seyffert
1808 2526 1915 2579 sch.
1951 2526 2060 2581 Lat.
2095 2524 2116 2577 1
2151 2540 2201 2606 p.
2229 2528 2341 2580 112.

1622 2597 1700 2648 13.
1738 2599 1795 2645 tu
1796 2593 2099 2661 rpi,fieatus
2131 2593 2234 2646 wie
2258 2592 2578 2657 mititte-him

1550 2662 1614 2716 de
1648 2662 1751 2715 div.
1787 2662 1830 2714 11
1865 2665 1947 2727 26,
1975 2667 2058 2727 57,
2095 2663 2225 2714 nach
2260 2661 2350 2715 der
2384 2662 2577 2716 Analo-

1546 2731 1629 2798 gie
1646 2745 1859 2783 vonam
1772 2700 2138 2792 amli’fiea’tus
2155 2730 2401 2797 gebildet,
2420 2742 2575 2784 wenn

1546 2800 1677 2852 auch
1713 2799 1797 2852 ein
1870 2799 2049 2851 erbum
2083 2799 2400 2867 turpificare
2429 2799 2574 2852 nicht

1546 2867 1762 2923 existirt.

1620 2939 1699 2989 14.
1738 2937 2018 2987 nervosius
2061 2962 2104 2973 —
2152 2937 2452 2986 remissius.-
2487 2934 2573 2988 die

1546 3003 1821 3057 Stoiker—
1845 3002 1930 3055 die
1941 3001 2093 3069 Perip
2096 3002 2331 3056 atetiker.
2376 3002 2431 3058 S.
2447 3002 2484 3070 ξ
2504 3006 2570 3055 20

1545 3089 1597 3125 ιι.
1617 3076 1701 3127 35.
1724 3100 1794 3110 -
1827 3086 2085 3122 nervam&
2118 3085 2174 3122 sa
2216 3071 2361 3124 tcic.
2397 3070 2574 3138 haufig

1543 3155 1648 3192 von
1672 3139 1819 3192 Kraft
1851 3138 1921 3190 im
1945 3137 2179 3191 Ausdruc
2251 3139 2357 3192 und
2390 3139 2444 3191 in
2471 3138 2573 3191 den

1544 3206 2259 3271 Gedauken.Brut.31,121
2288 3210 2573 3273 quisenim

1542 3278 1763 3328 uberior
1812 3279 1873 3327 in
1924 3276 2148 3327 dicendo
2201 3275 2462 3327 Platone?
2502 3305 2571 3315 —

1546 3344 1676 3409 Quis
1719 3345 2013 3397 Aristotele
2053 3346 2349 3410 nervosior,
2408 3343 2573 3396 Theo-

1539 3415 1762 3480 pltrasto
1797 3413 2048 3466 dulcior?

1622 3484 1699 3536 19.
1740 3496 1955 3549 person.
1989 3480 2254 3532 serviend.
2286 3479 2430 3541 tuit.-
2481 3479 2576 3532 auf

1543 3550 1644 3604 den
1679 3550 1958 3603 Charakter
2002 3547 2286 3602 Rucksieht
2334 3548 2569 3602 nehmen.

1541 3618 1644 3671 Fur
1678 3618 1780 3672 den
1814 3615 2096 3671 Gedanken
2129 3617 2235 3684 νεὶ.
2265 3615 2292 3675 ί
2330 3616 2362 3681 5
2382 3619 2465 3669 97.

1613 3689 1696 3740 21.
1731 3688 1834 3739 Est
1863 3691 2106 3738 autem-
2122 3685 2406 3737 servanda.
2474 3683 2570 3737 Die

1542 3753 1725 3809 Worte
1759 3756 1981 3809 nehmen
2013 3757 2180 3808 etwas
2213 3768 2419 3817 vorans,
2457 3767 2569 3805 was

1545 3829 1651 3877 erst
1696 3826 1869 3892 spater
1914 3824 2043 3889 besp
2044 3822 2235 3875 rochen
2282 3792 2419 3873 wird'
2463 3819 2568 3872 und

1545 3894 1719 3945 storen
1756 3892 1854 3946 den
1884 3890 2341 3956 Zusammenhang.
2413 3889 2571 3954 Quod

1545 3964 1689 4013 enim
1725 3964 1809 4013 ita
1836 3963 1933 4014 cet.
1969 3958 2211 4012 schliesst
2247 3957 2358 4011 sich
2392 3971 2459 4009 an
2493 3960 2568 4008 m·-

2629 1223 2694 1276 1⁰
