2813 4537
385 277 510 338 196

982 275 1086 334 ,ΒΕ
1124 273 1387 334 OFFIGIIS
1426 274 1544 329 LlB.
1581 274 1656 328 111.
1728 272 1871 326 GAP.
1908 276 1958 330 8.

385 454 522 515 deas
563 451 904 514 adiunctam
933 449 986 510 ei
1016 449 1121 524 rei,
1168 466 1319 527 quae
1349 447 1608 528 speciem
1638 446 1905 509 utilitatis
1934 446 2213 521 attulerit,
2259 453 2384 507 tum
2412 465 2541 511 non

385 537 607 600 utilitas
636 535 1024 615 relinquenda
1053 541 1160 609 est,
1205 534 1308 595 sed
1339 532 1821 612 intellegendum,
1860 532 1965 594 ubi
1993 532 2300 612 turpitudo
2331 531 2427 607 sit,
2456 531 2544 594 ibi

387 623 698 686 utilitatem
730 639 858 683 esse
889 639 1014 681 non
1043 638 1238 699 posse.
1299 618 1474 690 Quod
1503 617 1553 680 si
1583 616 1733 679 nihil
1760 625 1849 679 est
1877 625 1999 678 tam
2027 625 2237 681 contra
2265 624 2543 680 naturam

389 726 567 788 quam
609 707 913 787 turpitudo
943 740 1027 750 —-
1058 712 1217 766 recta
1260 704 1421 765 enim
1450 710 1510 764 et
1539 702 1953 765 convenientia
1982 710 2042 764 et
2070 702 2404 764 constantia
2433 721 2541 764 na-

386 802 521 856 tura
567 792 860 854 desiderat
905 798 1376 870 aspernaturque
1422 788 1717 852 contraria
1747 822 1832 834 --
1861 788 2131 868 nihilque
2169 795 2288 849 tam
2331 807 2550 850 secun·-
2594 798 2629 849 5

388 880 530 942 dum
575 885 848 940 naturam
894 895 1070 956 quam
1111 874 1352 950 utilitaS‚
1394 880 1558 937 certe
1586 874 1649 935 in
1682 875 1887 935 eadem
1915 892 1983 936 re
2011 873 2233 936 utilitas
2262 881 2321 934 et
2348 872 2543 953 turpi-

387 964 530 1026 tudo
574 982 704 1026 esse
747 981 872 1024 non
913 967 1129 1041 potest.
1200 959 1499 1038 Itemque,
1552 958 1603 1021 si
1643 960 1716 1020 ad
1757 958 2128 1020 honestatem
2173 958 2297 1020 nati
2338 978 2544 1022 sumus

393 1067 577 1128 eaque
622 1056 723 1109 aut
752 1048 876 1109 sola
917 1046 1247 1127 expetenda
1289 1053 1396 1120 est,
1441 1051 1508 1108 ut
1549 1044 1777 1105 Zenoni
1819 1044 2009 1106 visum
2060 1051 2179 1119 est,
2231 1051 2335 1105 aut
2381 1052 2544 1108 certe

392 1133 557 1196 omni
575 1133 841 1213 pondere
863 1131 1096 1213 gravior
1116 1130 1385 1193 habenda
1400 1148 1580 1210 quam
1594 1129 1819 1209 reliqua
1835 1129 2051 1205 omnia,
2074 1129 2234 1209 quod
2246 1129 2545 1193 Aristoteli

392 1220 605 1300 placet,
652 1236 893 1279 necesse
936 1225 1042 1293 est,
1085 1217 1246 1295 quod
1289 1216 1611 1278 honestum
1652 1215 1745 1291 sit,
1793 1214 1852 1275 id
1894 1233 2024 1277 esse
2065 1225 2167 1276 aut
2210 1215 2401 1277 solum
2446 1222 2550 1277 aut
2593 1222 2670 1278 10·

391 1321 690 1366 summum
730 1303 976 1378 honum,
1024 1303 1183 1381 quod
1228 1310 1426 1364 autem
1469 1302 1715 1376 honum,
1758 1300 1817 1361 id
1852 1308 2013 1361 certe
2040 1300 2203 1376 utile,
2233 1300 2334 1375 ita,
2377 1300 2544 1380 quic-

393 1388 533 1468 quid
562 1389 899 1463 honestum‚
937 1388 996 1449 id
1026 1387 1187 1449 utile.
1249 1386 1381 1458 Qua
1409 1405 1476 1447 re
1505 1404 1674 1447 error
1701 1385 2012 1447 hominum
2041 1404 2166 1447 non
2198 1386 2545 1466 proborum,

394 1493 532 1537 cum
561 1473 798 1553 aliquid,
846 1474 1002 1552 quod
1035 1472 1182 1534 utile
1209 1472 1397 1535 visum
1428 1479 1536 1547 est,
1580 1469 1848 1550 arripuit,
1883 1471 1943 1532 id
1974 1471 2263 1546 continuo
2291 1471 2548 1534 secernit

394 1560 465 1620 ab
510 1559 781 1621 honesto.
841 1557 997 1620 Hinc
1037 1556 1210 1633 sicae,
1254 1557 1398 1621 hinc
1427 1574 1672 1631 venena,
1715 1554 1856 1617 hinc
1886 1557 2030 1618 falsa
2058 1564 2409 1620 testamenta
2437 1575 2544 1620 na-

393 1651 662 1719 scuntur,
707 1643 849 1704 hinc
878 1642 1036 1705 furta
1065 1643 1390 1723 peculatus,
1423 1640 1811 1723 expilationes
1839 1642 2324 1721 direptionesque
2353 1641 2548 1706 socio-
2593 1648 2657 1704 15

392 1748 528 1791 rum
575 1736 634 1789 et
678 1729 910 1805 civium,
951 1728 1093 1791 hinc
1138 1747 1323 1809 opum
1365 1727 1699 1802 nimiarum,
1740 1727 2044 1806 potentiae
2089 1746 2211 1789 non
2250 1728 2547 1803 ferendae,

393 1823 695 1895 postremo
741 1814 916 1876 etiam
960 1813 1022 1875 in
1060 1813 1263 1877 liberis
1291 1812 1623 1876 civitatibus
1650 1813 1942 1892 regnandi
1972 1813 2233 1875 existunt
2259 1812 2548 1893 cupidita-

394 1908 502 1975 tes,
534 1900 751 1980 quibus
772 1899 920 1962 nihil
942 1918 1054 1962 nec
1075 1900 1326 1963 taetrius
1342 1918 1457 1961 nec
1485 1897 1715 1960 foedius
1745 1898 2065 1978 excogitari
2094 1905 2309 1978 potest.
2367 1897 2548 1960 Emo-

394 1984 655 2047 lumenta
699 1985 860 2047 enim
886 2003 1094 2048 rerum
1121 1985 1426 2047 fallacibus
1453 1983 1685 2046 iudiciis
1711 1983 1929 2059 vident,
1972 2002 2231 2064 poenam
2260 2003 2385 2045 non
2414 1983 2547 2046 dico

395 2070 594 2149 legum
609 2118 624 2146 ‚
672 2088 849 2149 quam
894 2089 1067 2150 saepe
1109 2077 1529 2150 perrumpunt,
1574 2070 1677 2130 sed
1722 2067 1909 2149 ipsius
1947 2068 2354 2148 turpitudinis,
2398 2087 2550 2149 quae
2594 2076 2660 2134 20

395 2218 594 2268 semu-3,
629 2195 1043 2273 συγκατάθεσις)
1079 2202 1219 2255 steht
1244 2203 1298 2254 in
1327 2219 1420 2256 un-

397 2287 535 2324 serer
568 2268 784 2323 Gewalt.

468 2344 513 2392 1.
552 2344 665 2390 tum
698 2354 809 2390 non
841 2339 1050 2390 utilitas
1067 2340 1420 2406 relinquenda

397 2414 500 2474 est,
547 2406 682 2459 dann
728 2406 843 2459 darf
885 2422 1003 2459 man
1045 2405 1137 2460 das
1183 2407 1326 2460 nicht
1361 2423 1420 2461 so

392 2476 648 2541 ansehen,
709 2474 786 2527 als
849 2475 1003 2528 sollte
1058 2491 1177 2528 man
1242 2476 1420 2529 seinen

395 2544 597 2597 Nutzen
633 2542 905 2610 ausgeben.

389 2626 392 2630 ’
465 2616 514 2666 4.
568 2615 941 2663 convenientia
993 2617 1051 2662 et
1086 2616 1422 2664 constantia.-

398 2681 492 2733 das
528 2679 664 2733 Bose
708 2680 849 2732 steht
883 2679 1026 2731 nicht
1059 2680 1113 2732 in
1147 2679 1425 2733 Ueberein-

401 2749 679 2814 stimmung
711 2748 805 2799 mit
828 2746 919 2799 der
937 2748 1299 2816 vernfinftigen
1322 2748 1425 2801 Na-

399 2821 497 2882 tur,
534 2815 737 2868 woraul'
761 2815 871 2868 sich
896 2819 1283 2880 convenientia,
1317 2816 1425 2869 und

398 2884 470 2935 im
511 2883 878 2949 Widerspruch
933 2883 1028 2936 mit
1079 2884 1190 2936 sich
1243 2884 1423 2951 selbst,

399 2951 604 3004 worauf
635 2950 746 3002 sich
781 2956 1082 3002 constantia
1114 2952 1334 3005 bezieht.

469 3022 518 3072 7.
571 3019 839 3084 Itemque:
907 3017 998 3070 der
1031 3020 1217 3073 zweite
1254 3019 1427 3088 Syllo-

397 3087 614 3154 gismuS,
660 3085 749 3139 der
783 3086 893 3139 sich
930 3102 1033 3140 von
1067 3087 1185 3140 dem
1219 3089 1428 3141 vorher-

404 3154 672 3221 gehenden
706 3170 802 3207 nur
826 3154 999 3223 wenig
1029 3156 1424 3210 unterscheidet.

401 3224 455 3276 ln
474 3223 660 3276 beiden
684 3223 815 3275 wird
838 3228 1002 3277 etwas
1025 3223 1427 3279 Unhewiesenes

404 3293 481 3345 als
499 3291 789 3358 Grundlage
807 3291 897 3345 des
914 3291 1177 3346 Beweises
1208 3298 1424 3361 gesetzt.

473 3363 522 3414 9.
558 3364 705 3411 omni
719 3360 959 3426 pondere
985 3366 1100 3427 cet„
1133 3361 1261 3415 alles
1276 3362 1427 3414 iiber-

405 3428 579 3495 wiegt.
615 3428 763 3480 Auch
786 3428 897 3481 hier
918 3429 988 3480 ist
1021 3445 1086 3481 an
1109 3428 1201 3483 das
1225 3429 1429 3482 Gleich·

404 3497 511 3550 niss
559 3511 663 3548 von
710 3495 799 3548 der
836 3495 1000 3563 Wage
1044 3496 1135 3550 des
1174 3498 1427 3552 Critolaus

404 3564 625 3633 gedacht
659 3580 700 3619 e.
737 3564 771 3631 ὅ
813 3568 890 3617 11.

477 3636 554 3687 10.
590 3648 798 3684 necesse
832 3638 937 3698 est,
972 3632 1118 3699 quod
1149 3634 1429 3685 honestum

405 3707 504 3755 cet.
556 3700 800 3753 Derselbe
837 3700 1182 3769 Syllogismus
1227 3702 1328 3753 wie
1362 3700 1427 3755 de

403 3770 492 3823 fin.
510 3770 571 3822 111
595 3773 643 3834 8,
664 3773 726 3822 27
762 3769 908 3836 quod
928 3775 1008 3820 est
1031 3772 1244 3836 bonum,
1274 3785 1430 3822 omne

407 3838 676 3889 laudabile
708 3843 816 3904 est,
850 3839 996 3904 quod
1028 3843 1208 3890 autem
1243 3838 1432 3890 lauda-

409 3905 514 3956 bile
549 3911 652 3970 est,
702 3920 856 3956 omne
891 3912 970 3957 est
1005 3908 1306 3973 honestum,
1342 3909 1433 3958 bo-

403 3988 533 4025 num
556 3976 731 4038 igitur
749 3974 895 4038 quod
917 3979 1011 4040 est,
1033 3976 1312 4028 honestum
1336 3980 1428 4028 oet.

1594 2203 1674 2254 12.
1718 2216 1874 2252 error
1909 2202 2049 2254 hom.
2083 2217 2195 2253 non
2221 2219 2328 2271 pr„
2363 2202 2548 2255 unsitt-

1522 2268 1657 2322 liche
1680 2267 1959 2322 Menschen
1993 2270 2047 2322 in
2081 2271 2217 2323 ihrer
2238 2270 2548 2324 verkehrten

1520 2338 1883 2404 Anschauung.

1599 2409 1675 2460 13.
1711 2409 1944 2457 secernit
1976 2409 2042 2459 ab
2079 2408 2305 2472 honest„
2340 2406 2551 2460 sondert

1524 2475 1589 2527 ab
1626 2490 1731 2526 von
1774 2473 1865 2526 der
1898 2473 2143 2542 Tugend‚
2192 2475 2410 2527 erklart:
2466 2475 2549 2528 die

1526 2541 1691 2594 Sache
1738 2543 1814 2594 sei
1862 2554 2002 2594 zwar
2046 2543 2189 2595 nicht
2225 2542 2550 2611 tugendhaft‚

1525 2611 1649 2663 aber
1682 2609 1815 2663 doch
1851 2611 2094 2664 nfitzlich.

1597 2681 1679 2734 19.
1712 2678 2000 2739 fallacibus
2032 2680 2269 2745 iudicia,
2315 2680 2409 2734 mit
2445 2685 2554 2733 tna-

1526 2747 1784 2814 gerischer
1817 2746 2172 2815 Berechnung.

1594 2817 1677 2867 20.
1714 2831 1875 2881 quam
1907 2844 1977 2853 —
2011 2821 2388 2884 perrumpunt.
2457 2815 2551 2868 Die

1527 2881 1697 2936 Strafe
1732 2882 1862 2935 wird
1908 2884 2003 2935 mit
2052 2884 2195 2937 einer
2226 2884 2402 2937 Fessel
2436 2899 2555 2937 ver-

1526 2951 1746 3017 glimen,
1784 2951 1868 3003 die
1896 2951 1971 3003 sie
1997 2951 2407 3013 durchbrechen;
2442 2953 2549 3020 vgl.

1528 3017 1672 3071 Verr.
1702 3018 1722 3070 1
1758 3024 1806 3085 5,
1841 3021 1902 3071 13
1940 3018 2257 3086 confringal
2288 3025 2390 3072 iste
2423 3037 2555 3072 sane

1529 3090 1585 3138 vi
1605 3103 1705 3138 sua
1729 3088 1955 3138 consilia
1977 3093 2267 3153 senatoria,
2287 3093 2555 3155 quaestio-

1528 3171 1622 3206 nes
1646 3158 1884 3206 omnium
1910 3163 2247 3223 perrumpat,
2283 3158 2453 3209 evolet
2481 3174 2553 3209 ex

1527 3227 1707 3275 vestra
1728 3228 2025 3276 severitate.
2062 3230 2190 3278 orat.
2209 3230 2338 3294 part.
2352 3228 2471 3297 32‚J
2489 3228 2550 3279 12

1530 3292 1829 3358 depellendi
1880 3295 2124 3344 oriminis
2173 3295 2261 3344 vel
2306 3310 2552 3361 perrum-

1525 3361 1693 3426 pendi
1719 3361 1972 3428 pem‘euli.
2403 3378 2410 3387 ·

1595 3431 1768 3496 ipsius
1800 3430 2181 3496 turpitudinis,
2231 3446 2368 3496 quae
2402 3447 2552 3482 acer-

1530 3499 1746 3549 bissima
1780 3504 1871 3550 est.
1921 3497 1991 3550 Es
2024 3498 2094 3550 ist
2129 3498 2212 3550 ein
2247 3497 2424 3566 hiiufig
2445 3514 2551 3552 von

1531 3564 1630 3617 den
1689 3565 1930 3618 Stoikern
1998 3566 2355 3633 ausgeffihrter
2412 3566 2553 3633 Satz,

1530 3633 1648 3686 dass
1663 3673 1676 3700 ,
1725 3633 1889 3686 sowie
1937 3634 2020 3687 die
2066 3634 2283 3702 Tugend
2330 3651 2394 3687 an
2437 3634 2552 3687 sich

1529 3701 1822 3821 {luckselig
1868 3703 2071 3768 mache,
2120 3703 2202 3755 die
2246 3702 2416 3756 Strafe
2460 3702 2553 3756 des

1577 3774 1701 3822 osen
1734 3771 2068 3823 unmittelbar
2101 3770 2154 3823 in
2180 3771 2350 3824 seiner
2371 3772 2551 3824 innern

1531 3837 1944 3891 Beschaffenheit
1985 3839 2121 3907 liege
2135 3878 2149 3903 ,
2191 3839 2298 3892 und
2339 3839 2393 3892 in
2428 3838 2555 3892 Ver-

1566 3907 1702 3959 leich
1749 3907 1843 3959 mit
1885 3907 2052 3959 dieser
2086 3906 2169 3959 die
2215 3923 2319 3960 von
2365 3923 2553 3962 aussen

1569 3975 1838 4029 ommende
1863 3974 2031 4028 Strafe
2066 3975 2246 4043 gering
2280 3976 2372 4031 sei.
2427 3976 2478 4029 S.
2504 3992 2551 4028 z.
2581 4009 2593 4017 κ
