2813 4537
724 237 729 244 ⁸
793 274 879 327 DE
917 274 1178 331 omens
1215 276 1332 332 us.
1368 277 1403 332 1.
1439 277 1618 344 ,CAR
1638 281 1719 333 24.
1758 282 1841 335 25.
2324 276 2405 338 79

241 445 418 519 Quod
445 464 636 526 genus
664 449 952 529 peccandi
979 449 1279 513 vitandum
1311 457 1400 513 est
1431 450 1602 513 etiam
1633 450 1697 513 in
1727 451 1905 514 rebus
1935 453 2200 517 urbanis.
2251 453 2430 530 Sunt

241 532 404 595 enim
435 533 537 613 qui
568 533 728 614 quod
759 535 1058 610 sentiunt,
1104 536 1214 598 etsi
1250 536 1541 618 optimum
1573 544 1691 612 est,
1736 545 1935 601 tamen
1965 539 2217 603 invidiae
2246 548 2407 602 metu

242 637 367 681 non
399 619 620 680 audent
648 619 862 682 dicere.
1423 669 1428 676 .

417 702 679 767 Omnino
711 704 813 786 qui
842 706 927 768 rei
958 705 1232 788 publicae
1260 706 1592 789 praefuturi
1621 716 1762 772 sunt
1789 709 1908 770 duo
1938 708 2200 772 Platonis
2228 728 2399 792 prae-
2428 716 2503 774 25

163 800 194 850 5
239 797 414 871 cepta
441 797 713 853 teneant:
757 808 946 853 unum
975 801 1044 854 ut
1070 791 1383 855 utilitatem
1416 794 1630 856 civium
1660 793 1747 855 sic
1775 803 2071 871 tueantur,
2102 805 2187 871 ut,
2221 813 2400 876 quae·
2441 805 2500 857 85

237 893 497 957 cumque
550 884 768 955 agunt,
821 877 895 939 ad
940 895 1069 939 eam
1112 878 1373 941 referant
1419 878 1586 942 obliti
1646 881 2090 943 commodorum
2135 898 2401 953 suorum,

236 960 491 1023 alterum
523 970 591 1023 ut
622 970 812 1024 totum
842 980 1063 1044 corpus
1106 963 1191 1026 rei
1237 963 1511 1046 publicae
1555 974 1800 1042 curent,
1835 984 1958 1041 ne,
2003 966 2144 1027 dum
2174 972 2403 1048 partem

236 1045 494 1127 aliquam
523 1054 802 1123 tuentur,
847 1047 1106 1128 reliquas
1147 1049 1441 1112 deserant.
1520 1050 1592 1113 Ut
1622 1051 1784 1113 enim
1812 1051 2022 1126 tutela,
2068 1051 2153 1113 sic
2185 1067 2403 1133 procu-

236 1132 388 1194 ratio
420 1132 509 1194 rei
540 1132 810 1214 publicae
840 1133 913 1196 ad
944 1152 1149 1197 eorum
1178 1134 1524 1211 utilitatem,
1572 1137 1676 1217 qui
1718 1138 2015 1199 commissi
2060 1143 2230 1213 sunt,
2275 1153 2399 1197 non

132 1227 193 1277 to
238 1218 314 1278 ad
344 1234 583 1293 eorum,
630 1218 848 1299 quibus
877 1219 1191 1283 commissa
1221 1228 1342 1295 est,
1389 1223 1645 1301 gerenda
1682 1230 1789 1284 est.
1853 1220 1967 1293 Qui
1998 1231 2208 1285 autem
2247 1221 2436 1302 parti'

237 1301 456 1364 civium
485 1304 825 1379 consulunt,
855 1313 1082 1385 partem
1104 1306 1451 1387 neglegunt,
1485 1325 1611 1370 rem
1631 1307 2194 1389 perniciosissimam
2223 1306 2286 1369 in
2317 1306 2401 1368 ci-

236 1388 477 1451 vitatem
521 1388 841 1466 inducunt,
888 1390 1238 1453 seditionem
1285 1402 1462 1473 atque
1506 1392 1887 1456 discordiam=
1935 1412 2008 1455 ex
2051 1411 2171 1474 quo
2209 1392 2403 1454 evenit

237 1482 308 1536 ut
338 1472 435 1535 alii
464 1475 816 1556 populareS‚
859 1475 959 1537 alii
998 1476 1248 1539 studiosi
1278 1478 1491 1559 optimi
1520 1478 1810 1558 cuiusque
1837 1479 2180 1553 videantur,
2224 1476 2398 1559 pauci

237 1559 673 1621 universorum.
734 1559 892 1622 Hinc
917 1563 1073 1643 apud
1104 1563 1499 1626 Athenienses
1526 1582 1777 1644 magnae
1806 1564 2160 1640 discordiae,
2196 1564 2258 1626 in
2290 1580 2400 1624 no·
2441 1572 2501 1623 86

132 1650 192 1702 15
236 1654 357 1706 stra
384 1662 450 1706 re
478 1644 715 1727 publica
763 1664 885 1708 non
930 1645 1124 1709 solum
1168 1648 1520 1723 seditiones,
1564 1649 1665 1711 sed
1711 1649 1885 1710 etiam
1928 1650 2208 1731 pestifera
2242 1646 2398 1710 bella

237 1729 462 1792 civilia:
508 1749 658 1812 quae
687 1730 881 1811 gravis
910 1740 971 1794 et
998 1733 1168 1796 fortis
1197 1733 1341 1794 civis
1371 1742 1431 1795 et
1471 1733 1534 1794 in
1564 1752 1630 1795 re
1660 1733 1901 1814 publica
1929 1735 2148 1813 dignus
2174 1733 2397 1815 princi-

236 1823 379 1896 patu
420 1815 609 1895 fugiet
647 1823 825 1899 atque
867 1817 1058 1879 oderit
1097 1817 1404 1899 tradetque
1446 1837 1510 1880 se
1552 1826 1747 1881 totum
1781 1819 1867 1881 rei
1897 1818 2170 1900 publicae
2202 1837 2396 1900 neque

237 1918 384 1982 opes
410 1909 514 1964 aut
556 1901 882 1982 potentiam
913 1902 1355 1965 consectabitur
1382 1911 1687 1985 totamque
1715 1921 1845 1966 eam
1873 1905 1961 1967 sic
1989 1904 2287 1980 tuebitur,
2328 1911 2397 1965 ut

238 1985 519 2048 omnibus
560 1987 849 2049 consulat.
907 1987 1030 2050 Nec
1068 2006 1210 2050 vero
1241 1988 1591 2051 criminibus
1632 1988 1793 2052 falsis
1832 1990 1895 2051 in
1939 1990 2141 2051 odium
2170 1999 2273 2052 aut
2301 1989 2395 2051 in-

134 2075 192 2126 20
234 2070 447 2132 vidiam
478 2091 833 2154 quemquam
864 2073 1124 2150 vocabit,
1170 2075 1535 2155 omninoque
1575 2074 1652 2138 ita
1696 2074 1952 2138 iustitiae
1980 2075 2396 2156 honestatique

234 2156 645 2233 adhaerescet,
689 2168 784 2235 ut,
839 2159 980 2222 dum
1026 2178 1094 2222 ea
1136 2170 1476 2237 conservet,
1536 2160 1801 2242 quamvis
1843 2161 2095 2242 graviter
2137 2161 2398 2223 offendat

233 2250 605 2326 mortemque
634 2251 877 2326 oppetat
904 2244 1106 2327 potius
1132 2264 1310 2328 quam
1339 2246 1573 2310 deserat
1600 2245 1716 2324 illa,
1748 2266 1899 2329 quae
1928 2246 2065 2310 dixi.

406 2329 733 2391 Miserrima
778 2330 1022 2392 omnino
1069 2339 1157 2394 est
1200 2331 1441 2394 ambitio
1485 2334 1902 2415 honorumque
1939 2332 2275 2407 contentio,
2320 2332 2393 2394 de
2434 2340 2493 2393 87

232 2433 350 2496 qua
392 2414 694 2496 praeclare
738 2416 894 2497 apud
940 2418 1193 2479 eundem
1240 2426 1331 2480 est
1356 2417 1662 2480 Platonem
1709 2418 2003 2480 ‘similiter
2045 2420 2238 2501 lacere
2268 2435 2393 2492 eos,

124 2501 184 2553 25
230 2500 335 2580 qui
357 2499 513 2563 inter
533 2518 598 2562 se
621 2500 1067 2578 contenderent,
1090 2510 1222 2566 uter
1244 2503 1445 2585 potius
1466 2522 1595 2566 rem
1617 2502 1917 2585 publicam
1939 2503 2392 2579 administraret,

299 2670 347 2722 3.
401 2685 514 2721 non
548 2671 781 2721 audent:
831 2669 935 2723 Cic.
966 2669 1167 2723 scheint
1192 2685 1257 2723 an
1430 2672 1751 2722 videantur.-
1795 2687 1841 2724 z.
1877 2670 1910 2735 ,ξ
1951 2674 2032 2724 83.

226 2736 524 2790 bestimmte
547 2737 810 2792 Personen
833 2735 1058 2805 gedacht
1079 2754 1144 2791 zu
1167 2739 1259 2792 ha·
1432 2742 1513 2793 18.
1585 2743 1874 2804 totamque.
1943 2738 2045 2792 Das
2093 2739 2252 2791 letzte
2288 2755 2392 2805 que

225 2805 355 2871 ben,
392 2805 550 2859 daher
586 2806 676 2859 der
706 2805 980 2868 indicativ3
1017 2823 1062 2863 z.
1101 2809 1133 2875 5
1170 2810 1254 2862 43.
1357 2807 1491 2860 fasst
1549 2806 1633 2860 die
1697 2807 2129 2875 vorangehenden
2187 2804 2392 2860 Glieder

299 2878 347 2927 5.
372 2889 573 2925 unum:
596 2874 747 2927 Plato
771 2875 837 2928 de
851 2875 998 2943 περ]
1029 2892 1079 2943 p.
1101 2876 1253 2931 342ss
1356 2891 1672 2930 zusammen.

223 2936 402 2993 οὐδεὶς
459 2943 521 2995 ἐν
578 2938 803 3009 οὐδεμιᾷ
871 2936 1034 3029 ἀρχῇ,
1103 2938 1245 2997 καθ’
1427 2946 1510 2999 21.
1560 2948 1806 3011 quamvis
1833 2947 2100 3011 graviter,
2146 2944 2197 2999 d.
2234 2944 2269 2999 i.
2306 2944 2390 2995 vel

218 3004 356 3063 ὅσον
382 3005 571 3078 ἅρχων
599 3012 742 3075 ἐστι,
775 3009 842 3064 τὸ
870 3012 1023 3079 αυτῷ
1054 3012 1157 3081 ξυμ
1203 3015 1252 3064 έ-
1348 3016 1689 3078 gravissime.
1727 3014 2015 3078 offendere,
2035 3012 2147 3065 hier
2166 3012 2389 3065 Austoss

218 3095 320 3151 ρον
353 3081 550 3132 σκοπεῖ
591 3074 719 3132 οὐδ’
760 3076 1067 3145 ἐπιτάττει,
1110 3079 1145 3134 ἅ
1184 3078 1252 3133 λὰ
1336 3081 1524 3148 ,geben
1558 3081 1646 3134 bei
1680 3081 1914 3147 Andem,
1955 3081 2114 3134 daher
2149 3079 2387 3133 Schaden

216 3142 285 3198 τὸ
323 3146 406 3214 τῷ
438 3139 722 3229 ἀρχομένῳ
769 3152 863 3200 καὶ
898 3135 950 3216 εὖ
981 3145 1055 3201 ἄν
1091 3145 1253 3203 αὐτὸς
1357 3150 1596 3205 nehmen.
1651 3148 1768 3216 Vgl.
1805 3148 1840 3217 ἦ
1879 3153 1939 3202 71
1981 3150 2318 3214 offensiones.

218 3210 522 3286 δημιουργη
539 3254 553 3279 ,
599 3219 692 3268 καὶ
739 3214 877 3287 πρὸς
922 3220 1095 3271 ἐκεῖνο
1128 3215 1251 3286 βλέ-
1424 3220 1505 3271 24.
1537 3217 1688 3285 apud
1709 3218 1935 3268 eundem
1960 3222 2065 3268 est.-
2093 3215 2226 3272 Plat.
2249 3216 2313 3268 de
2331 3230 2386 3268 re

216 3301 350 3337 πων
384 3268 575 3335 nasto
618 3287 810 3371 suecia?
847 3284 1122 3356 ξυμφέρον
1156 3290 1250 3340 καὶ
1353 3302 1404 3353 p.
1430 3284 1499 3337 Vl
1521 3302 1573 3353 p.
1595 3287 1694 3340 488
1709 3283 1750 3336 Β
1786 3281 1912 3337 τοὺς
1937 3279 1999 3336 δὲ
2024 3280 2229 3337 ναύτας
2255 3299 2384 3337 στα-

214 3354 437 3423 πρέπον
470 3353 562 3401 καὶ
589 3346 730 3423 λέγει
760 3373 796 3404 α
823 3348 964 3424 λέγει
980 3358 1072 3406 καὶ
1102 3358 1253 3408 ποιεῖ
1351 3347 1670 3417 σιάζοντας,
1700 3350 1836 3425 πρὸς
1863 3345 2121 3418 ἀλλήλους
2149 3351 2385 3424 περὶτῆς

209 3413 252 3471 δι’
287 3420 440 3472 ποιεῖ
469 3411 713 3472 ἅπαντα.
1350 3416 1752 3492 κυβερνήσεως,
1828 3422 2062 3474 ἕκαστον
2130 3417 2386 3491 οἰόμενον

266 3492 335 3570 ⁸7.
373 3487 605 3570 alterum
618 3487 742 3572 zib.
778 3487 847 3540 1V
883 3504 934 3555 p.
972 3492 1073 3545 420
1085 3490 1146 3547 B.
1182 3488 1247 3574 ρῦ
1350 3486 1468 3543 δεῖν
1501 3490 1787 3576 κυβερνᾶν,
1805 3484 1945 3557 μήτε
1973 3484 2241 3576 μαθόντα
2266 3484 2385 3544 πώ-

209 3553 1089 3693 ἴιέἷψπὲἔίιςῖμῗὲἵὸἕέἰπὲῗξῗ
1116 3576 1250 3692 ‚5²31
1349 3576 1657 3689 23ῧὲεέΖῖ
1660 3576 1892 3679 «95Σῦζὶ
1888 3578 2023 3680 '205⁴
2013 3576 2119 3681 2⁷12?
2149 3562 2382 3694 ..iffi

212 3692 386 3745 ἔθνος
428 3693 587 3746 ἔσται
638 3689 1018 3777 διαφερόντως
1070 3690 1126 3747 εἴ
1165 3714 1246 3747 αι·
1349 3689 1487 3747 ἀλλὰ
1531 3692 1656 3748 τούς
1699 3695 1804 3747 νῦν
1847 3692 2156 3748 πολιτικοὺς
2189 3689 2382 3764 ἄρχον-

210 3778 347 3828 pov,
395 3755 520 3812 ἀλλ’
561 3753 712 3815 ὅπως
746 3757 780 3816 o'
801 3781 859 3816 τι
878 3759 1120 3831 μάλιστα
1148 3755 1246 3830 ὅλη
1346 3779 1449 3816 τας
1482 3757 1798 3827 ἀπεικάζων
1830 3761 1909 3816 οἷς
1951 3759 2078 3836 ἄρτι
2125 3758 2379 3834 ἐλέγομεν

212 3824 247 3895 ἡ
284 3822 468 3883 πόλις.-
1188 3856 1195 3863 ·
1348 3827 1576 3885 ναύταις
1609 3829 1671 3884 οὐ
1676 3850 1711 3896 χ
1743 3824 2061 3903 ἁμαρτήσει.

290 3901 366 3952 13.
424 3901 615 3964 optimi
650 3902 934 3966 cuiusque,
982 3898 1031 3955 d.
1067 3899 1101 3954 i.
1158 3899 1249 3953 der
1419 3902 1501 3953 25.
1520 3898 2209 3953 contenderenteDaesdem
2221 3898 2380 3952 Sinne

210 3960 388 4018 Partei
422 3966 513 4018 der
552 3965 862 4036 optimaten.
1351 3969 1498 4021 nach
1515 3968 1684 4035 gleich
1713 3968 1807 4034 ist,
1841 3968 1908 4021 oh
1930 3968 2034 4024 Cic.
2060 3971 2206 4034 sagte
2225 3968 2378 4019 Plato
