2813 4537
384 279 507 342 106
1053 277 1138 333 DE
1175 276 1437 331 OFFIGIIS
1473 276 1590 330 ΠΒ.
1616 276 1651 329 1.
1707 276 1950 331 cAP.3·1.

380 455 580 516 Sonus
611 460 739 515 erat
767 452 991 525 dulcis,
1035 449 1263 512 litterae
1295 468 1491 530 neque
1520 468 1830 531 expressae
1859 468 2054 546 neque
2084 468 2422 530 oppressae,
2461 470 2537 513 ne

382 549 483 603 aut
512 539 828 601 obscurum
863 545 1017 598 esset
1047 544 1146 597 aut
1175 536 1480 616 putidum3
1524 535 1654 597 sine
1697 534 2080 596 contentione
2113 553 2224 595 vox
2255 554 2365 597 nec
2404 535 2536 598 lan-

381 644 574 705 guens
615 642 726 685 nec
767 640 1001 684 canora.
1063 620 1313 683 Uberior
1354 620 1545 683 oratio
1586 620 1654 681 L.
1698 619 1891 682 Crassi
1932 637 2044 681 nec
2087 620 2287 681 minus
2327 621 2533 697 faceta,

381 712 483 773 sed
514 710 666 772 bene
696 707 974 789 loquendi
1006 708 1080 768 de
1110 705 1330 785 Catulis
1360 706 1568 788 opinio
1600 724 1723 767 non
1753 705 1968 766 minor.
2011 704 2163 768 Sale
2190 724 2329 768 vero
2360 717 2419 768 et
2447 707 2533 769 fa·-

382 796 548 857 cetiis
579 795 820 864 Caesar,
850 792 1044 854 Catuli
1075 791 1258 871 patris
1286 792 1499 865 frater,
1526 791 1665 852 vicit
1695 808 1922 864 omnes,
1957 798 2027 852 ut
2055 790 2117 851 in
2149 790 2298 852 illo
2281 810 2413 873 ipso
2445 792 2535 853 fo·
2563 801 2602 850 5

379 880 539 943 rensi
571 897 788 959 genere
831 877 1065 939 dicendi
1097 876 1512 938 contentiones
1540 874 1791 938 aliorum
1820 893 2095 937 sermone
2124 877 2403 939 vinceret.
2459 877 2531 940 In

382 964 659 1027 omnibus
704 963 883 1042 igitur
925 963 1019 1024 his
1049 961 1471 1023 elaborandum
1515 970 1638 1037 est,
1683 962 1733 1023 si
1777 961 1838 1022 in
1870 961 2034 1023 omni
2061 979 2129 1023 re
2157 962 2299 1042 quid
2328 962 2532 1025 deceat

274 1061 368 1115 134
383 1050 762 1131 exquirimus.
823 1048 915 1110 Sit
956 1066 1096 1126 ergo
1140 1046 1237 1109 hic
1280 1066 1474 1109 sermo
1489 1093 1508 1118 ,
1552 1047 1613 1108 in
1661 1064 1781 1127 quo
1812 1046 2096 1110 Socratici
2137 1048 2388 1109 maxime
2432 1067 2533 1109 ex-

383 1137 637 1209 cellunt,
682 1134 835 1195 lenis
863 1133 1227 1212 minimeque
1254 1133 1555 1213 pertinax,
1596 1131 1738 1193 insit
1778 1132 1841 1193 in
1872 1150 1943 1193 eo
1978 1131 2166 1213 lepos.
2222 1133 2345 1195 Nec
2371 1133 2533 1207 vero,

381 1229 685 1300 tamquam
713 1218 774 1279 in
806 1219 1243 1315 possessionem
1272 1236 1439 1279 suam
1466 1217 1725 1291 venerit,
1756 1216 2026 1279 excludat
2053 1217 2236 1291 alise,
2265 1218 2368 1279 sed
2397 1236 2535 1281 cum
2578 1227 2635 1280 to

379 1305 624 1386 reliquis
665 1305 725 1365 in
768 1303 948 1365 rebus
986 1311 1112 1365 tum
1160 1304 1223 1365 in
1254 1321 1529 1365 sermone
1570 1303 1872 1365 communi
1913 1303 2378 1365 vicissitudinem
2409 1323 2530 1367 non

380 1391 644 1488 iniquam
674 1397 857 1470 putet.
921 1389 1006 1450 Ac
1035 1390 1224 1452 videat
1265 1388 1559 1486 inprimis
1570 1387 1787 1468 quibus
1817 1388 1890 1449 de
1919 1387 2100 1449 rebus
2127 1386 2436 1469 loquatur·
2481 1390 2532 1451 si

379 1476 567 1550 ser-iis,
590 1475 956 1537 severitatem
978 1474 1271 1548 adhibeat,
1298 1475 1348 1535 si
1377 1473 1614 1543 iocosis,
1636 1473 1920 1570 leporem.
1970 1472 2370 1555 Inprimisque
2390 1493 2533 1556 pro-

382 1562 570 1623 videat
600 1578 676 1621 ne
725 1578 920 1621 sermo
948 1559 1154 1621 vitium
1184 1559 1425 1639 aliquod
1465 1559 1729 1621 indicet
1713 1577 1908 1620 messe
1936 1558 1999 1620 in
2030 1559 2328 1635 moribus;
2372 1560 2533 1641 quod

379 1663 651 1708 maxume
680 1652 810 1707 tum
832 1643 981 1706 solet
1001 1645 1257 1720 evenire,
1288 1662 1427 1706 cum
1446 1643 1708 1707 studiose
1730 1645 1804 1705 de
1825 1643 2168 1707 absentibus
2189 1646 2535 1708 detrahendi
2577 1653 2634 1704 15

379 1750 554 1793 causa
593 1737 695 1800 aut
732 1747 841 1812 per
879 1729 1195 1792 ridiculum
1238 1738 1340 1792 aut
1381 1748 1612 1804 severe,
1663 1729 1945 1792 maledice
1986 1730 2532 1813 contumelioseque

284 1827 368 1878 135
382 1817 614 1880 dicitur.
674 1814 981 1878 Habentur
1008 1826 1205 1878 autem
1247 1815 1598 1896 plerumque
1632 1833 1938 1878 sermones
1964 1823 2064 1877 aut
2094 1815 2166 1877 de
2195 1816 2533 1879 domesticis

380 1901 632 1983 negotiis
672 1909 774 1966 aut
802 1901 875 1963 de
903 1921 969 1964 re
1002 1901 1239 1982 publica
1265 1911 1367 1963 aut
1410 1901 1484 1963 de
1522 1901 1746 1970 artium,
1782 1901 1992 1963 studiis
2032 1910 2210 1981 atque
2239 1902 2529 1965 doctrina.

375 1987 579 2051 Danda
615 1986 797 2065 igitur
826 2005 1006 2067 opera
1036 1995 1125 2048 est
1151 1994 1247 2060 ut,
1291 1986 1465 2048 etiam
1510 1986 1562 2048 si
1590 1985 1863 2048 aberrare
1890 1986 1963 2047 ad
1992 1985 2104 2047 alia
2135 1987 2428 2068 coeperit,
2458 1987 2531 2050 ad

374 2120 648 2173 fihnlichen
683 2118 947 2171 Partikeln
982 2119 1183 2187 11111163,
1230 2120 1263 2187 ὅ
1303 2123 1397 2174 142

369 2204 502 2240 nam
538 2193 590 2238 et
622 2188 866 2238 ordinem
900 2188 1184 2251 definiunt.

447 2260 493 2310 3.
548 2272 780 2309 canora:
819 2255 962 2310 Brut.
984 2259 1066 2323 66,
1086 2260 1185 2311 234
1212 2256 1401 2311 bedeu-

374 2332 455 2379 tet
482 2341 592 2376 vooe
605 2327 788 2376 suavis
812 2330 864 2377 et
881 2341 1083 2378 canora
1109 2326 1223 2378 eine
1241 2326 1402 2379 melo·

354 2393 554 2463 *dische
579 2391 809 2459 Stimme,
845 2393 955 2446 hier
991 2394 1080 2460 (im
1111 2393 1398 2462 Gegensatz

371 2479 442 2515 zu
468 2463 752 2527 languens,
775 2462 1108 2530 schleppend‚
1132 2466 1400 2520 monoton)

373 2530 632 2584 allzusehr
654 2530 996 2591 modulirend;
1034 2548 1106 2584 or.
1136 2535 1213 2596 18,
1233 2535 1296 2585 57
1325 2536 1404 2583 est

375 2604 557 2651 autem
592 2602 652 2649 in
690 2598 917 2651 dicendo
954 2600 1175 2666 quidam
1211 2604 1401 2652 cantus

379 2670 682 2733 obscurior,
730 2684 841 2719 non
875 2670 963 2719 hic
998 2685 1026 2718 e
1059 2669 1304 2735 Phrygia
1347 2673 1401 2719 et

381 2737 545 2789 Caria
594 2737 873 2787 rhetorum
933 2736 1176 2802 epilogus
1226 2752 1401 2803 paene

377 2807 672 2867 canticum,
703 2804 799 2855 sed
810 2805 926 2869 ille,
949 2820 1103 2869 quem
1118 2805 1400 2869 significat

373 2873 753 2923 Demosthenes
803 2877 856 2922 et
904 2873 1219 2937 Aeschines,
1278 2888 1398 2924 cum

376 2940 514 2993 alter
547 2939 707 2990 alteri
741 2941 909 2991 obicit
943 2944 1090 2991 vocis
1123 2943 1401 3003 flexionoe.

376 3007 548 3070 Quint.
586 3006 652 3057 xl
688 3010 745 3073 3,
782 3011 847 3062 57
894 3008 990 3060 sed
1031 3009 1401 3075 quodcumque

376 3093 447 3127 eoe
465 3078 549 3127 his
564 3078 758 3126 vitium
778 3080 956 3142 magis
978 3077 1215 3143 tulerim,
1238 3093 1401 3143 quam

374 3160 479 3210 quo
528 3159 675 3195 nunc
718 3147 956 3196 maoeime
1010 3146 1294 3198 laboratur
1337 3148 1398 3196 in

375 3216 550 3264 causis
606 3215 851 3264 omnibus
898 3214 1222 3280 scholisque,
1274 3230 1401 3266 can-

376 3282 554 3344 tandi,
604 3282 750 3345 quod
781 3282 1035 3333 inutilius
1075 3286 1148 3333 sit
1180 3299 1254 3333 an
1286 3280 1400 3365 soe-

373 3350 498 3401 dius
556 3351 753 3403 nescio.
822 3350 967 3414 Quid
1023 3353 1163 3402 enim
1218 3354 1399 3402 minus

370 3419 586 3469 oratori
620 3421 870 3469 convenit
902 3434 1062 3484 quam
1097 3419 1395 3471 modulatio

370 3488 655 3537 scaenica?

440 3554 501 3606 L.
541 3553 750 3605 Crassi.-
874 3557 985 3608 108.

442 3627 489 3676 5.
540 3622 763 3676 Caesar.-
887 3625 995 3675 108.
1066 3622 1133 3673 Er
1168 3621 1271 3675 und
1307 3621 1398 3675 der

372 3691 531 3743 iiltere
588 3689 799 3744 Catulus
852 3706 1026 3743 waren
1081 3689 1254 3742 Sohne
1306 3690 1396 3744 der

282 3814 289 3819 ,
370 3757 600 3825 Popilia,
635 3757 700 3810 de
736 3774 808 3812 or.
845 3759 886 3810 11
927 3762 1013 3824 11,
1037 3762 1120 3811 44.

440 3829 487 3880 6.
522 3841 781 3892 sermone,
807 3826 966 3879 durch
989 3828 1131 3879 seine
1155 3827 1227 3878 im
1251 3826 1395 3880 Tone

371 3894 464 4015 gg
499 3864 859 4016 gviffgi‘pgicl'ien
871 3894 1250 3963 Unterhaltung
1260 3895 1397 3948 ssies-

1575 2124 1623 2174 8.
1661 2122 1750 2174 Sit
1779 2138 1925 2188 ergo.
1971 2120 2067 2173 Mit
2098 2135 2227 2186 ergo
2252 2120 2382 2173 wird
2400 2122 2531 2174 nach

1504 2189 1595 2243 der
1615 2188 2024 2257 Abschweifung
2046 2205 2163 2242 zum
2188 2188 2531 2257 Hauptthema

1504 2258 1985 2326 zuriickgegangen,
2009 2259 2111 2311 wie
2135 2261 2313 2324 igitur
2335 2257 2389 2326 (ξ
2414 2260 2529 2325 121)

1502 2327 1607 2380 und
1652 2329 1748 2380 sed
1792 2328 2070 2395 gebraucht
2118 2327 2348 2389 wei-dem
2404 2343 2446 2380 s,
2483 2343 2527 2380 z.

1574 2481 1663 2533 Sit
1683 2496 1813 2547 ergo
1839 2483 1930 2533 hic
1951 2496 2125 2533 sermo
2148 2510 2193 2520 —
2212 2481 2470 2533 excludat
2484 2508 2528 2521 -

1500 2555 1722 2683 'S'zffissct
1752 2549 2551 2683 issttsttfflffflzirtvffiessuzrlslt

1503 2686 1726 2738 mahlich
1762 2685 1845 2738 die
1877 2683 2073 2737 Person
2118 2686 2209 2738 des
2252 2685 2529 2739 Redenden

1504 2754 1580 2807 als
1617 2753 1858 2819 Subject;
1907 2753 2012 2820 vgl.
2050 2769 2093 2805 z.
2132 2754 2165 2821 ξ
2210 2758 2298 2807 101
2338 2772 2388 2808 u.
2432 2757 2521 2809 151

1500 2828 1809 2875 mercatura
1842 2825 1894 2873 si
1926 2825 2126 2874 satiata
2160 2830 2384 2889 quaestu
2408 2854 2451 2862 —
2474 2840 2530 2874 se

1501 2894 1561 2942 in
1597 2904 1761 2958 agros
1797 2890 2040 2943 contulit.

1570 2993 1860 3045 Socratici.
1908 2992 2009 3044 Cic.
2036 2991 2196 3046 denkt
2219 3009 2285 3045 an
2307 2993 2389 3045 die
2412 2993 2528 3047 Dia-

1501 3061 1621 3128 loge
1633 3061 1725 3115 des
1735 3060 1884 3117 Plato
1888 3060 2217 3141 ,Xenophon‚
2226 3060 2526 3128 AeschineS,

1532 3130 1614 3196 .§
1658 3133 1768 3183 104.
1838 3100 1966 3181 Dass
2003 3128 2079 3181 sie
2127 3129 2223 3181 frei
2258 3130 2374 3182 sind
2422 3146 2526 3183 von

1500 3196 1874 3250 Rechthaberei
1928 3198 2330 3264 (pertinacia),
2389 3198 2526 3265 zeigt

1500 3266 1613 3317 sich
1638 3264 1810 3329 dorin,
1836 3264 1955 3318 dass
1983 3263 2255 3332 sufflatos,
2281 3266 2370 3318 der
2393 3266 2526 3320 doch

1500 3334 1555 3386 in
1581 3333 1681 3389 den
1710 3333 1929 3386 meisten
1954 3332 2203 3401 Dialogen
2235 3306 2317 3387 die
2334 3333 2529 3403 Haupt-

1499 3401 1629 3454 rolle
1685 3402 1867 3469 spielt,
1922 3402 2063 3454 nicht
2122 3403 2205 3457 die
2261 3402 2526 3455 Wahrheit

1499 3485 1565 3523 zu
1590 3470 1757 3524 haben
1782 3470 2080 3550 behauptet,
2117 3469 2338 3523 sondern
2362 3469 2525 3523 selbst

1500 3538 1669 3592 nichts
1716 3554 1781 3591 zu
1817 3538 2009 3591 wissen
2058 3538 2161 3591 und
2207 3538 2298 3590 das
2338 3537 2523 3592 Wahre

1499 3622 1564 3659 zu
1599 3607 1793 3660 suchen
1827 3607 2080 3673 vorgiebt.

1575 3696 1652 3745 16.
1672 3697 1772 3743 aut
1782 3708 1881 3758 per
1897 3690 2221 3743 ridiculum.-
2246 3690 2387 3744 diese
2406 3691 2523 3745 dem

1500 3759 1814 3813 Adverbium
1838 3759 1955 3812 dem
1980 3758 2137 3812 Sinne
2175 3761 2307 3812 nach
2331 3760 2525 3828 gleich-

1501 3827 1808 3881 kommende
1831 3826 2237 3894 Umschreibung
2272 3829 2402 3881 wird
2436 3844 2524 3881 na·

1500 3896 1746 3949 mentlich
1793 3895 1877 3948 bei
1922 3894 2142 3964 Spiitern
2176 3896 2352 3965 haufig
2396 3900 2522 3950 statt
2627 3908 2640 3921 ·

1500 3964 1591 4018 des
1626 3963 1968 4017 Adverbiums
2003 3965 2299 4032 gebraucht.
