2813 4537
877 278 962 330 DE
1001 277 1260 331 oltricus
1296 277 1414 334 LlB.
1436 281 1471 334 1.
1528 279 1669 334 GAP.
1691 283 1773 337 32.
2321 277 2406 340 97

244 449 475 511 adiecit.
535 448 631 511 Fit
657 459 855 512 autem
896 449 1198 518 interdum
1241 461 1458 513 utnon
1499 452 1648 515 nulli
1680 454 1897 516 omissa
1925 454 2251 520 imitatione
2278 471 2406 518 ma-

244 536 442 596 iorum
483 553 658 598 suum
702 536 996 617 quoddam
1040 537 1376 599 institutum
1411 549 1884 618 consequantur,
1928 540 2299 621 maximeque
2340 543 2403 603 in

248 639 317 681 eo
359 621 712 703 plerumque
757 620 1061 683 elaborant
1104 622 1177 697 ii,
1224 622 1325 703 qui
1356 641 1569 702 magna
1612 623 1722 685 sibi
1761 636 2107 705 proponunt
2138 626 2406 689 obscuris

246 705 360 767 orti
388 705 730 769 maioribus
792 705 950 769 Haec
993 707 1174 787 igitur
1202 708 1430 781 omnia,
1478 726 1614 770 cum
1645 710 2155 790 quaerimus-quid
2186 712 2405 785 deceat,
2423 720 2510 771 117

164 797 201 849 5
246 791 567 872 complecti
592 793 790 854 animo
821 800 883 854 et
910 794 1271 872 cogitatione
1298 792 1602 855 debemus.
1859 856 1865 862 ,

415 876 485 938 In
515 876 725 958 primis
753 889 950 939 autem
981 879 1463 941 constituendum
1499 889 1588 941 est
1620 897 1772 960 quos
1802 895 1912 940 nos
1955 889 2013 940 et
2043 879 2246 960 quales
2276 900 2404 942 esse

243 960 490 1023 velimus
520 973 575 1023 et
606 963 669 1024 in
700 982 820 1044 quo
851 981 1069 1042 genere
1098 965 1280 1039 vitae,
1323 983 1475 1045 quae
1503 961 1847 1025 deliberatio
1876 975 1967 1025 est
1996 965 2262 1026 omnium
2291 965 2404 1026 dif-

245 1046 523 1109 ficillima.
576 1047 828 1110 Ineunte
857 1049 1017 1110 enim
1046 1048 1466 1124 adulescentia,
1496 1066 1635 1112 oum
1664 1058 1752 1111 est
1772 1049 2023 1111 maxima
2052 1050 2405 1114 inbecillitas

244 1131 513 1207 consilii,
554 1143 683 1195 tum
726 1134 786 1195 id
832 1133 944 1198 sibi
989 1133 1259 1215 quisque
1281 1153 1473 1215 genus
1514 1135 1718 1196 aetatis
1745 1135 2045 1214 degendae
2071 1136 2401 1211 constituit,

134 1221 202 1273 :to
243 1219 403 1297 qued
453 1218 707 1280 maxime
757 1220 1059 1281 adamavit.
1147 1220 1353 1300 Itaque
1402 1227 1538 1281 aute
1595 1220 1931 1300 implicatur
1982 1219 2187 1311 aliquo
2237 1228 2402 1282 certo

245 1321 462 1382 genere
484 1320 783 1385 cursuque
803 1305 1055 1381 vivendi,
1085 1323 1262 1385 qnam
1284 1305 1504 1386 potuit,
1535 1307 1694 1386 quod
1721 1305 2013 1386 optimum
2045 1314 2219 1380 esset,
2249 1305 2401 1367 indi»

242 1407 397 1450 care.
458 1389 605 1451 Nam
628 1390 788 1469 quod
810 1389 1126 1454 Herculem
1149 1390 1438 1453 Prodicus
1459 1390 1620 1465 dicit,
1652 1399 1718 1452 ut
1743 1400 1837 1451 est
1856 1391 2012 1471 apud
2037 1390 2401 1472 Xenophon-
2419 1401 2505 1453 118

240 1484 382 1549 tem,
413 1492 550 1536 eum
578 1475 837 1555 primum
868 1475 1249 1556 pubesceret,
1280 1477 1441 1557 quod
1469 1485 1711 1556 tempus
1737 1495 1770 1536 a
1801 1485 2009 1537 natura
2038 1476 2108 1537 ad
2137 1476 2400 1555 deligen-

244 1560 417 1632 dum,
470 1578 648 1640 quam
669 1607 675 1611 >
697 1562 949 1641 quisque
997 1562 1150 1622 viem
1199 1561 1431 1623 vivendi
1470 1562 1545 1622 sit
1587 1562 1997 1641 ingressurae,
2047 1561 2247 1639 datum
2290 1570 2403 1634 est,

136 1646 200 1702 15
242 1646 433 1707 exisse
474 1647 538 1707 in
582 1645 963 1707 solitudinem
993 1655 1173 1727 atque
1212 1647 1295 1707 ibi
1323 1647 1628 1707 sedentem
1659 1646 1758 1707 diu
1787 1637 2003 1707 secum
2032 1646 2402 1727 multumque

240 1731 568 1804 dubitasse,
598 1749 736 1792 cum
767 1731 913 1793 duas
943 1741 1212 1796 cerneret
1239 1732 1378 1805 vias,
1409 1749 1588 1792 unam
1617 1731 1968 1810 Voluptatis
1998 1730 2238 1791 alteram
2269 1732 2401 1792 Vir·

243 1817 421 1891 tutis,
465 1825 657 1877 utram
698 1816 929 1896 ingredi
954 1817 1170 1878 melius
1199 1826 1383 1889 esset,
1429 1817 1544 1877 hoc
1575 1807 1818 1876 Herculi
1862 1815 2035 1876 ‘Iovis
2063 1824 2196 1876 satu
2225 1815 2400 1877 edito’

243 1902 439 1982 potuit
479 1902 730 1964 fortasse
757 1901 1108 1980 contingere
1128 1947 1143 1976 ,
1191 1901 1364 1963 nobis
1393 1919 1517 1962 non
1560 1900 1736 1975 item,
1780 1901 1881 1980 qui
1923 1900 2403 1981 imitamurffluos
2515 1955 2532 1962 a

130 1995 203 2080 ἢ.
245 1987 461 2067 cuiqne
490 1987 679 2048 visum
709 1967 1006 2088 esQatque
1033 1989 1105 2049 ad
1135 2003 1343 2050 eornm
1372 1988 1565 2048 studia
1607 1986 1993 2066 institutaque
2021 1985 2402 2066 impellimur.
2440 1975 2653 2044 Pavtffl'·

312 2122 359 2172 2.
415 2135 571 2171 conse

722 2125 814 2171 tur
853 2120 922 2172 ist
943 2121 1056 2173 hier
1079 2121 1272 2188 gleich-

244 2187 536 2241 bedeutend
558 2189 653 2240 mit
684 2193 999 2254 sequantur,
1035 2206 1075 2242 s,
1098 2189 1132 2256 ξ
1158 2192 1268 2243 153.

243 2254 385 2309 Brut.
427 2259 508 2322 83,
547 2260 643 2310 287
680 2262 794 2308 tam
830 2260 892 2310 in
926 2261 1070 2326 ipsa,
1108 2274 1301 2324 quam-

245 2331 423 2376 tamen
474 2329 844 2392 consequitur,
907 2331 1272 2378 concinnitate

239 2395 466 2460 puerile.
502 2394 567 2446 de
587 2399 692 2446 nat.
709 2394 848 2447 deor.
873 2394 895 2444 1
926 2399 1004 2460 15,
1022 2399 1084 2447 41
1115 2410 1271 2462 quem

245 2461 680 2530 (Chrysippum)
735 2463 1004 2527 Diogenes
1038 2464 1270 2530 Babylo·

242 2533 370 2581 nius
405 2546 728 2597 consequens
759 2534 821 2580 in
857 2546 917 2580 eo
964 2531 1101 2581 libro
1137 2537 1235 2583 cet.

314 2602 363 2651 6.
417 2600 481 2650 In
521 2602 715 2666 pm‘mis
756 2602 950 2650 autem.
1009 2596 1271 2651 Nachdem

244 2666 350 2719 Cic.
382 2665 482 2719 den
498 2667 716 2734 ,vorigen
732 2666 1010 2719 Abschnitt
1031 2666 1160 2718 fiber
1186 2667 1270 2736 die

245 2733 394 2786 Rolle
405 2774 419 2799 ‚
450 2735 650 2787 welche
667 2750 764 2787 uns
783 2734 866 2786 die
884 2737 1127 2787 {usseren
1145 2734 1271 2787 Ver—

244 2803 497 2855 hfiltnisse
523 2803 836 2869 auferlegen,
871 2803 965 2855 mit
992 2803 1136 2854 Haec
1161 2806 1271 2869 igi-

245 2877 337 2922 tur
355 2874 451 2922 cet.
477 2870 876 2937 abgeschlossen
904 2872 1018 2937 hat,
1053 2872 1270 2937 beginnt

242 2938 469 3059 ῧιύειίιιίεᾶι
488 2954 684 3058 afluent,
712 2939 766 3058 ili:
795 2938 922 3058 dend
943 2955 996 2991 er
1028 2940 1156 2992 iiber
1168 2939 1269 3059 hdie

314 3022 343 3059 a
453 3021 510 3058 es
568 3021 707 3059 erus
760 3022 888 3058 eson
924 3022 1045 3060 erss
1082 3024 1167 3060 ree
1205 3024 1269 3060 en

243 3074 383 3139 will,
434 3075 606 3127 wobei
652 3090 707 3127 er
757 3075 879 3127 aber
925 3075 1018 3127 das
1099 3077 1272 3128 other-

243 3141 479 3209 gehende
512 3142 841 3210 wiederholt,
881 3142 1015 3195 deun
1052 3160 1185 3209 quos
1220 3150 1274 3194 et

243 3212 429 3277 quales
461 3211 533 3264 ist
565 3237 636 3258 =
659 3215 721 3262 in
746 3227 851 3277 quo
873 3227 1075 3276 genere
1094 3212 1273 3264 laudis

243 3279 576 3331 excellentes.
630 3277 700 3331 So
737 3285 855 3346 sngt
889 3295 944 3331 er
978 3279 1113 3332 deun
1138 3281 1271 3333 auch

240 3347 371 3399 uber
421 3348 506 3399 die
559 3347 930 3414 Nachahmung
980 3347 1070 3399 der
1113 3347 1272 3401 Viter

242 3414 349 3467 und
374 3415 457 3468 die
474 3414 632 3467 Wahl
655 3416 797 3467 eines
815 3416 1031 3482 eigenen
1049 3416 1270 3469 Lebens-

242 3498 389 3550 wegs
426 3483 680 3549 desselbe‚
716 3484 818 3535 wie
851 3483 1051 3536 vorher.

314 3553 362 3604 8.
410 3552 639 3608 Ineunte
672 3553 1055 3603 adnleseentia.
1123 3552 1269 3604 Auch

242 3619 356 3670 hier
405 3621 497 3672 hat
551 3621 652 3671 Cic.
709 3635 804 3671 nur
838 3620 921 3672 die
956 3621 1269 3672 vornehmen

243 3685 432 3740 Romer
466 3688 538 3740 im
574 3687 760 3753 Sinne,
814 3687 897 3740 die
935 3688 1047 3740 sicli
1092 3688 1146 3740 in
1182 3688 1271 3740 der

240 3755 385 3821 Zeit,
441 3771 525 3808 wo
573 3756 651 3809 sie
687 3756 771 3809 die
807 3761 935 3822 toga
968 3756 1150 3808 virilis
1184 3772 1272 3809 an-

242 3823 443 3890 legun,
490 3840 534 3877 z.
569 3823 629 3879 B.
665 3825 747 3876 ffir
779 3824 881 3876 den
916 3824 1271 3890 Kriegsdienst

244 3891 369 3944 oder
403 3891 487 3944 die
503 3892 804 3957 jnristische
827 3892 1125 3960 Thitigkeit
1159 3898 1272 3945 ent·

242 3957 503 4012 schieden.

348 4053 440 4095 Cic.
465 4051 521 4094 de
551 4051 730 4094 officiis.
783 4055 821 4095 5.
848 4053 958 4095 Auss.

1374 2157 1381 2162 -
1457 2122 1535 2172 12.
1595 2119 1875 2170 Herculem
1933 2120 2195 2173 Ptodicus
2253 2120 2399 2171 dicit.

1372 2186 1475 2240 Der
1528 2186 1744 2255 Sophist
1792 2186 2040 2239 Prodicus
2098 2202 2203 2239 von
2243 2187 2399 2239 Keos

1372 2256 1517 2309 hatte
1562 2255 1645 2308 die
1688 2255 1851 2322 Frage
1884 2256 2023 2309 iiber
2058 2254 2157 2308 den
2193 2254 2401 2323 Vorzug

1372 2324 1463 2376 der
1486 2324 1702 2391 Tngend
1735 2325 1863 2377 oder
1886 2324 1975 2377 der
1997 2324 2122 2377 Lust
2154 2324 2206 2375 in
2233 2325 2399 2376 einem

1371 2391 1587 2458 Dialoge
1624 2391 1950 2459 dargestellt,
1994 2393 2049 2444 in
2097 2392 2214 2444 dem
2248 2393 2399 2445 beide

1370 2459 1594 2526 Begriffe
1641 2459 1982 2528 personificirt
2021 2458 2265 2512 Hercules
2313 2461 2404 2514 auf

1373 2529 1484 2581 ihre
1498 2527 1640 2580 Seite
1658 2545 1722 2580 zu
1735 2529 1915 2580 zieben
1928 2528 2145 2589 suchen;
2164 2528 2397 2596 Xenoph.

1371 2610 1523 2648 mem.
1550 2597 1591 2648 Π
1620 2601 1662 2660 1,
1683 2599 1741 2648 21
1763 2595 1799 2650 f.
1851 2596 2027 2648 Dieser
2047 2595 2291 2647 Hercules
2316 2613 2399 2648 am

1373 2663 1744 2730 Scheidewege
1768 2664 1932 2716 heisst
1955 2663 2116 2715 daher
2149 2664 2401 2715 Hercules

1371 2732 1781 2799 Xenophontem·
1797 2732 1920 2784 oder
1940 2731 2264 2783 Socraticus.
2297 2728 2401 2784 Ua*

1372 2802 1600 2868 moglich
1624 2802 1747 2854 aber
1771 2800 1965 2853 konnte
1985 2800 2087 2853 Cic.
2113 2800 2398 2866 schreiben‚

1373 2871 1474 2922 wie
1497 2870 1551 2922 in
1570 2870 1670 2922 den
1694 2866 1912 2921 meisten
1927 2868 2204 2935 Ausgaben
2230 2869 2396 2921 steht:

1372 2938 1656 2990 Herculem
1711 2937 2028 2990 Prodicium
2085 2937 2277 2989 dieunt
2330 2964 2399 2975 —-

1373 3010 1569 3071 exisse,
1614 3022 1731 3059 man
1768 3005 1963 3059 erzihlt
1998 3020 2119 3056 vom
2154 3004 2397 3058 Hercules

1371 3073 1464 3126 des
1518 3073 1789 3140 ProdicuS,
1848 3073 1967 3126 dass
2028 3087 2082 3125 er
2126 3074 2399 3140 hinausge-

1371 3157 1575 3209 gangen
1611 3144 1711 3204 sei;
1758 3141 1835 3194 als
1871 3141 1937 3194 ob
1974 3140 2117 3192 nicht
2150 3140 2397 3193 Prodicus

1372 3209 1538 3262 selbst
1585 3209 1696 3262 dies
1743 3225 1845 3262 von
1894 3209 2137 3260 Hercules
2179 3209 2397 3274 erz‘ffthle,

1373 3277 1596 3330 sondern
1619 3278 1709 3329 der
1731 3277 1985 3329 Hercules
2006 3276 2289 3328 Ecdicius
2312 3276 2397 3328 ein

1370 3345 1685 3398 besonderer
1737 3345 1862 3398 Gott
1905 3346 2069 3409 wfire,
2122 3349 2260 3398 etwa
2296 3346 2397 3396 wie

1371 3414 1463 3466 der
1522 3414 1776 3465 Hercules
1834 3412 2056 3480 Tyrius,
2117 3430 2222 3467 von
2281 3413 2396 3466 dem

1372 3482 1515 3534 diese
1550 3481 1686 3549 Sage
1721 3481 1919 3533 erzfihlt
1951 3481 2144 3535 wurde.

1448 3554 1524 3604 17.
1555 3552 1698 3601 Iovis
1712 3555 1840 3601 sata
1857 3550 2031 3601 edito.-
2061 3550 2230 3602 dieser
2249 3550 2398 3601 seier-

1371 3619 1477 3671 lich
1495 3619 1762 3686 poetisehe
1780 3617 2051 3670 Ausdruck
2078 3619 2149 3670 ist
2174 3618 2396 3670 absicht·

1372 3687 1476 3739 lich
1510 3702 1615 3740 von
1650 3688 1752 3740 Cic.
1791 3685 2036 3754 gewfililt.
2078 3686 2136 3737 In
2171 3686 2396 3753 gleicher

1371 3755 1590 3808 Absicht
1616 3756 1757 3808 steht
1785 3755 1915 3807 Tim.
1947 3769 1992 3806 c.
2015 3757 2072 3807 11
2104 3754 2157 3805 in
2186 3754 2276 3807 der
2290 3755 2398 3807 An-

1369 3824 1492 3876 rede
1542 3824 1633 3875 des
1681 3824 1931 3876 hochsten
1979 3822 2161 3875 Gettes
2210 3839 2275 3876 an
2312 3822 2396 3875 die

1370 3892 1613 3944 niederen
1663 3891 1870 3944 Gotter:
1935 3892 2066 3943 haec
2115 3907 2209 3942 vos
2224 3931 2237 3956 ‚
2302 3895 2397 3956 qm·

1371 3961 1593 4012 deorum
1627 3965 1751 4011 satu
1784 3963 1897 4011 orti
1929 3963 2068 4024 estis,
2103 3959 2395 4010 attendite.-

1957 4046 1986 4094 7
