2813 4537
869 305 953 357 DE
992 304 1252 359 OFFIGIIS
1284 304 1404 359 ΗΒ.
1443 305 1521 358 111.
1592 304 1731 358 GAP.
1755 309 1801 359 2.
2293 303 2408 366 181

266 497 479 541 narum
511 485 570 539 et
601 478 893 559 Cratippi:
926 478 997 538 ad
1028 497 1178 557 quos
1207 496 1344 538 cum
1374 486 1676 558 tamquam
1706 479 1778 540 ad
1806 487 2196 541 mercaturam
2227 481 2416 542 bona-

264 584 399 627 rum
430 564 646 626 artium
676 564 756 626 sis
785 564 1089 644 profectus
1110 610 1125 638 ,
1169 563 1411 624 inanem
1455 563 1648 625 redire
1687 564 2093 644 turpissimum
2126 573 2217 627 est
2238 566 2416 627 dede-

264 658 574 712 corantem
625 657 684 711 et
733 649 899 711 urbis
949 648 1358 711 auctoritatem
1414 656 1473 710 et
1521 648 1804 729 magistri.
1893 649 2088 722 Quare
2128 660 2417 729 quantum

266 735 453 798 coniti
497 734 695 796 animo
738 741 936 814 potes,
984 742 1272 815 quantum
1311 733 1513 795 labore
1555 735 1918 796 contendere
1951 768 2029 778 --
2061 736 2111 796 si
2152 736 2417 799 discendi

189 834 219 885 5
262 822 431 883 labor
472 829 562 882 est
603 819 803 900 potius
848 838 1024 899 quam
1066 820 1335 900 voluptas
1378 854 1463 864 —
1509 828 1738 881 tantum
1783 821 1874 882 fac
1918 829 1985 881 ut
2025 821 2242 882 efficias
2270 840 2417 882 neve

267 905 598 969 committas
625 914 719 980 ut,
752 924 891 967 cum
921 904 1119 969 omnia
1161 905 1534 985 suppeditata
1574 905 1693 967 sint
1722 924 1754 966 a
1787 906 1990 980 nobis,
2018 912 2144 967 tute
2175 906 2281 967 tibi
2301 907 2416 968 -de-

263 992 444 1054 fuisse
472 991 725 1053 videare.
771 989 886 1052 Sed
909 991 1054 1051 haec
1074 991 1391 1052 hactenus:
1424 991 1607 1052 multa
1630 991 1789 1052 enim
1813 1009 1988 1071 saepe
2016 992 2088 1052 ad
2117 999 2178 1053 te
2201 992 2416 1053 cohor-

261 1076 427 1139 tandi
471 1076 656 1157 grat-ia
701 1075 1064 1156 scripsimus.
1138 1076 1313 1136 Nunc
1356 1076 1428 1137 ad
1471 1075 1758 1154 reliquam
1802 1085 2031 1157 partem
2075 1077 2417 1157 propositae

265 1161 568 1224 divisionis
596 1168 978 1222 revertamur.

161 1257 220 1313 10
435 1246 751 1308 Panaetius
781 1246 992 1327 igitur,
1026 1246 1127 1326 qui
1157 1245 1286 1308 sine
1317 1246 1723 1308 controversia
1753 1248 1824 1308 de
1856 1246 2065 1309 officiis
2094 1248 2415 1309 accuratis·
2460 1256 2489 1307 '1

266 1332 429 1394 sime·
454 1331 770 1411 disputavit
811 1349 1107 1412 quemque
1152 1350 1262 1393 nos
1307 1330 1680 1392 correctione
1727 1333 1977 1411 quadam
2021 1332 2277 1394 adhibita
2307 1352 2417 1413 po-

263 1417 556 1479 tissimum
601 1417 789 1479 secuti
833 1435 1064 1492 sumus,
1108 1417 1302 1479 trihus
1343 1416 1663 1496 generibus
1701 1417 2054 1497 propositis,
2100 1418 2161 1478 in
2206 1418 2420 1498 quibus
2453 1427 2502 1474 .t

268 1503 592 1564 deliberare
634 1502 905 1565 homines
947 1511 1008 1563 et
1049 1502 1386 1564 consultare
1430 1502 1501 1563 de
1544 1502 1739 1564 officio
1771 1503 2064 1577 solerent,
2095 1522 2251 1578 uno,
2283 1522 2419 1564 cum

271 1587 642 1661 dubitarent,
684 1588 1082 1649 honestumne
1111 1589 1170 1648 id
1195 1593 1366 1661 esset,
1415 1588 1487 1648 de
1520 1607 1637 1667 quo
1670 1596 1975 1669 ageretur,
2008 1608 2083 1650 an
2108 1597 2301 1669 turpe,
2334 1589 2418 1649 al-

160 1677 222 1732 15
266 1680 393 1735 tero
425 1672 651 1734 utilene
680 1679 836 1735 esset
857 1691 932 1734 an
964 1672 1207 1748 inutile,
1237 1671 1445 1747 tertio,
1476 1672 1524 1732 si
1567 1672 1656 1747 id,
1697 1674 1856 1753 quod
1886 1674 2144 1752 speciem
2174 1674 2420 1735 haberet

265 1757 534 1833 honesti,
579 1765 876 1836 pugnaret
917 1776 1054 1818 cum
1100 1776 1201 1831 eo,
1249 1756 1409 1836 quod
1451 1756 1594 1817 utile
1622 1757 1951 1833 videretur,
1996 1776 2114 1838 quo
2143 1759 2320 1820 modo
2352 1776 2419 1819 ea

266 1842 524 1905 discerni
555 1849 892 1921 oporteret,
934 1843 1006 1904 de
1037 1842 1269 1904 duobus
1311 1841 1635 1922 generibus
1663 1841 1870 1922 primis
1900 1842 2093 1904 tribus
2122 1843 2288 1905 libris
2317 1861 2419 1904 ex-

267 1927 535 2008 plicavit,
576 1927 649 1989 de
692 1927 869 1988 tertio
914 1934 1111 1990 autem
1153 1945 1373 2007 genere
1418 1926 1700 2006 deinceps
1742 1946 1806 1989 se
1848 1927 2086 2007 scripsit
2124 1927 2419 1990 dicturum

269 2030 383 2074 nec
415 2011 659 2074 exsolvit
700 2012 789 2089 id,
838 2013 996 2092 quod
1040 2012 1411 2094 promiserat.
1502 2011 1676 2084 Quod
1718 2031 1789 2074 eo
1820 2013 2006 2093 magis
2034 2013 2251 2088 miror,
2285 2013 2421 2092 quia
2463 2020 2494 2073 8

160 2102 222 2155 20
266 2097 553 2179 scriptum
596 2116 629 2159 a
671 2097 961 2179 discipulo
1009 2099 1137 2160 eius
1182 2097 1503 2162 Posidonio
1550 2104 1666 2170 est,
1710 2097 1953 2177 triginta
1995 2098 2168 2160 annis
2207 2098 2421 2161 vixisse

265 2183 615 2246 Panaetium
644 2197 850 2263 postea
874 2204 1051 2264 quam
1080 2184 1213 2246 illos
1242 2183 1426 2246 libros
1449 2183 1743 2246 edidisset.
1797 2182 1987 2255 Quem
2009 2184 2208 2247 locum
2237 2184 2422 2246 miror

337 2354 385 2403 4.
436 2354 485 2400 si
522 2350 765 2403 discendi
797 2352 951 2403 labor
973 2357 1052 2403 est
1082 2355 1289 2419 potius:
1394 2351 1485 2404 der
1507 2350 1618 2404 sich
1637 2350 1860 2417 jiihrlich
1886 2352 1978 2405 auf
2001 2356 2201 2406 100000
2227 2351 2423 2406 Sester—

267 2417 638 2485 vollstandiger
671 2418 848 2471 winde
885 2418 974 2471 der
1000 2419 1122 2472 Satz
1158 2420 1291 2472 heis-
1393 2420 1502 2471 tien
1536 2419 1709 2471 belief.

267 2502 383 2539 sen:
405 2490 456 2537 si
472 2486 714 2538 discendi
738 2486 890 2538 labor
909 2487 1062 2538 labor
1078 2493 1157 2538 est
1176 2492 1289 2554 pot.
1467 2490 1545 2541 10.
1569 2485 1918 2553 Ankntipsend
1931 2502 1995 2538 an
2007 2486 2283 2541 Panaetius
2295 2488 2421 2540 wird

266 2554 514 2607 Aehnlich
566 2554 630 2607 de
676 2558 780 2607 nat.
818 2554 957 2607 deor.
992 2553 1033 2606 II
1069 2558 1152 2621 67,
1192 2557 1288 2608 168
1391 2556 1475 2609 die
1490 2554 1650 2621 Frage
1669 2554 1795 2606 fiber
1814 2554 1897 2606 die
1914 2553 2294 2623 Berechtigung
2313 2556 2420 2609 die-

264 2622 409 2674 mala
435 2626 486 2673 et
515 2625 683 2690 impia
711 2623 1039 2674 consuetudo
1062 2627 1142 2674 est
1166 2638 1288 2674 con-
1391 2638 1477 2677 ses
1512 2622 1700 2675 dritten
1736 2620 1944 2674 Theiles
1979 2622 2300 2689 besprochen
2336 2623 2417 2676 bis

268 2694 355 2742 tra
381 2691 505 2742 deos
570 2693 581 2706 ⁰
642 2690 848 2742 utendi.
874 2691 1114 2742 discendi
1134 2691 1289 2742 labor
1390 2693 1425 2758 ξ
1458 2693 1542 2753 19;
1579 2688 1685 2743 und
1720 2705 1860 2742 zwar
1894 2691 1925 2754 ξ
1953 2693 2100 2743 ’7-10
2137 2691 2204 2743 ob
2229 2691 2423 2744 Panae-

265 2759 336 2810 ist
385 2757 593 2825 ankniip
617 2758 717 2811 end
770 2773 833 2811 an
882 2758 973 2811 das
1021 2759 1294 2825 vorherge-
1396 2760 1501 2812 tius
1526 2758 1607 2811 die
1631 2757 1848 2811 Absicht
1872 2757 2064 2824 gehabt
2087 2757 2220 2812 habe
2245 2759 2421 2812 diesen

266 2825 435 2878 hende
461 2825 641 2877 labore
665 2827 985 2878 contendere
1009 2831 1190 2894 gesagt
1213 2827 1293 2879 fiir
1395 2826 1546 2880 Theil
1570 2842 1634 2879 zu
1651 2826 1957 2893 behandeln‚
1978 2827 2009 2892 ς
2034 2829 2211 2881 11-19
2228 2828 2296 2880 ob
2345 2828 2424 2880 hi·

267 2894 486 2945 discere.
1394 2894 1694 2962 losophisch
1749 2894 1838 2947 der
1889 2893 2109 2947 Conflict
2159 2896 2318 2949 zwisc
2356 2911 2420 2949 en

338 2965 385 3015 6.
433 2976 553 3013 cum
587 2965 769 3013 omnia
810 2963 1151 3031 suppeditata
1183 2967 1296 3015 sint
1394 2963 1611 3032 Tugend
1643 2963 1749 3016 und
1784 2961 1984 3015 Nutzen
2020 2964 2244 3031 moglich
2280 2965 2371 3020 sei.

267 3046 300 3082 a
335 3031 519 3081 nobis:
562 3028 630 3083 Μ.
668 3030 844 3083 Cicero
881 3031 1024 3084 hatte
1061 3031 1171 3083 sich
1206 3031 1290 3084 bei
1467 3035 1545 3085 11.
1583 3033 1918 3084 correctione
1940 3031 2201 3097 quadam.-
2226 3032 2418 3089 s.Eiul.

264 3097 413 3164 Tiro,
462 3097 665 3151 Ciceros
711 3099 1153 3166 Freigelassenen,
1201 3099 1291 3152 be·
1393 3100 1427 3168 9
1463 3103 1528 3154 32
1564 3117 1613 3153 ιι.
1648 3099 1669 3151 1
1703 3102 1732 3163 ξι
1779 3101 1828 3152 9.

263 3166 412 3233 klagt
485 3166 603 3220 dass
652 3183 707 3220 er
753 3168 853 3222 seit
898 3169 1103 3234 Ansang
1146 3168 1292 3235 April
1465 3170 1546 3222 20.
1590 3168 1910 3220 Posidonius
1955 3181 2048 3219 aus
2091 3167 2318 3234 Apamea
2363 3168 2418 3219 in

263 3234 384 3285 kein
409 3205 539 3285 &eld
561 3234 869 3289 bekommen
904 3237 1055 3301 habe,
1092 3235 1296 3290 worout
1396 3235 1583 3305 Syrien
1626 3235 1790 3288 lehrte
1829 3234 1883 3287 in
1918 3235 2009 3287 der
2042 3239 2215 3286 ersten
2248 3234 2419 3288 Hiilfte

266 3301 442 3353 Cicero
479 3316 543 3353 an
566 3302 770 3356 Atticus
795 3304 1020 3357 schrieb:
1061 3306 1159 3355 tibi
1183 3320 1290 3371 pro
1395 3303 1487 3357 des
1533 3307 1703 3357 ersten
1748 3301 1922 3355 Jahrb.
1960 3318 2008 3356 v.
2046 3302 2159 3358 Chr.
2196 3302 2249 3355 in
2284 3302 2421 3357 Rho-

265 3374 363 3422 tua
392 3374 591 3421 natm-a
617 3386 821 3438 semper
851 3372 1117 3438 placuisse
1139 3376 1293 3439 teque
1394 3371 1521 3438 dus,
1566 3387 1650 3424 wo
1686 3371 1777 3423 ihn
1812 3369 1987 3423 Cicero
2021 3370 2128 3423 und
2163 3370 2296 3424 viele
2331 3388 2421 3425 an·

266 3440 602 3490 existimasse
649 3439 710 3490 id
754 3442 915 3490 etiam
952 3440 1025 3491 ad
1057 3440 1293 3507 dignita·
1396 3440 1516 3493 dere
1549 3439 1737 3493 Romer
1772 3438 1975 3519 horten.
2045 3438 2114 3520 Er
2153 3439 2418 3493 zeichnete

262 3512 990 3643 mazzanam&
1012 3523 1293 3628 itm-²53
1393 3507 2037 3630 ἴίῐᾞὲῒιῗέᾧῗῖιέἓιῖἕέ
2064 3507 2421 3629 ἳ33“ιῗξιῗέἰ

267 3646 460 3694 ornate
474 3644 845 3711 cumulateque
858 3647 1102 3696 tractari.
1118 3643 1294 3709 Quare
1394 3646 1550 3698 schen
1587 3644 1824 3698 wissens
1858 3659 1966 3697 aus.

267 3711 423 3764 velim
454 3726 608 3763 cures
623 3741 669 3750 -
690 3718 755 3764 ut
776 3717 1113 3779 permutetur
1129 3714 1293 3764 Athe·
1464 3715 1697 3781 trt'ginta
1721 3715 1907 3766 annis:
1936 3712 2026 3764 der
2047 3710 2259 3764 Ablativ
2282 3710 2420 3763 steht

265 3795 380 3844 nas,
484 3779 556 3830 od
578 3784 653 3832 sit
675 3783 736 3832 in
756 3796 1000 3833 annuum
1023 3785 1292 3848 sumptum
1392 3782 1536 3835 nicht
1581 3797 1686 3834 von
1734 3781 1824 3834 der
1867 3779 2136 3833 Zeitdauer
2187 3778 2288 3831 wie
2335 3779 2420 3832 bei

265 3855 318 3901 et
350 3849 399 3912 (a
465 3846 620 3902 Attio.
649 3847 744 3900 XV
780 3853 839 3903 15
888 3851 957 3914 4).
1017 3847 1291 3902 Bestimmt
1393 3850 1579 3902 Caesar
1613 3850 1665 3904 b.
1702 3849 1801 3903 civ.
1836 3848 1856 3900 Ι
1887 3851 1952 3901 46
1999 3849 2100 3898 hoc
2136 3862 2256 3899 cum
2290 3852 2426 3899 esset

263 3917 409 3969 hatte
423 3912 523 3968 Cic.
545 3915 626 3968 fttr
644 3917 820 3971 seinen
836 3888 976 3970 §obn
994 3917 1092 3970 den
1106 3916 1291 3970 Mieth-
1391 3918 1549 3970 modo
1581 3921 1887 3986 pugnatum
1912 3917 2247 3968 continenter
2270 3917 2420 3967 horis

263 3985 376 4038 zius
411 3997 514 4035 von
546 3983 645 4037 den
668 3984 897 4038 Hausern
922 3985 1012 4039 der
1035 3984 1291 4051 Terentia,
1393 3989 1653 4053 quinque,
1696 3984 1919 4038 sondern
1963 3996 2065 4035 von
2108 3987 2297 4049 postea
2331 3982 2421 4035 ab·
