2813 4537
391 266 474 329 64
1023 268 1104 320 DE
1142 267 1400 322 OFFIGIIS
1437 268 1555 323 ΠΒ.
1572 267 1608 322 1.
1667 266 1925 323 ·GAP.17.

393 467 465 509 ex
510 445 726 527 quibus
769 443 940 506 etiam
981 440 1181 523 plures
1221 426 1610 524 propinqui.‘
1648 442 1809 515 Quae
1839 442 2185 524 propagatio
2217 449 2275 503 et
2304 441 2541 504 suboles

396 533 562 612 origo
596 540 684 594 est
714 547 912 592 rerum
942 527 1332 609 publicarum.
1394 527 1715 606 Sanguinis
1746 534 1941 589 autem
1973 527 2314 590 coniunctio
2348 536 2406 590 et
2433 527 2538 590 be-

284 624 348 675 55
394 617 728 680 nevolentia
750 613 1004 676 devincit
1032 614 1302 677 homines
1332 622 1391 676 et
1420 615 1675 676 caritate.
1729 614 2009 692 Magnum
2040 622 2129 676 est
2156 613 2314 675 enim
2338 613 2538 675 eadem

350 768 357 773 ,
392 703 608 766 babere
637 707 1023 764 monumenta
1052 701 1363 775 maiorum,
1393 698 1615 762 eisdem
1643 700 1730 762 uti
1753 699 1954 775 sacriS,
1986 699 2300 781 sepulchra
2321 699 2537 763 habere

392 804 748 851 communia.

564 873 679 937 Sed
705 871 971 935 omnium
997 871 1344 933 societatum
1367 871 1529 934 nulla
1551 869 1943 952 praestantior
1965 879 2073 945 est,
2105 871 2265 932 nulla
2291 870 2537 948 firmior,

393 977 571 1039 quam
602 977 737 1022 cum
767 958 874 1020 viri
904 957 1051 1019 boni
1079 956 1346 1020 moribus
1374 957 1598 1020 similes
1626 964 1767 1018 sunt
1794 955 2184 1018 familiaritate
2207 956 2535 1019 coniuncti.

392 1044 545 1106 lllud
577 1044 735 1106 enim
764 1044 1101 1115 honestum,
1133 1043 1291 1124 quod
1320 1061 1496 1125 saepe
1527 1041 1796 1117 dicimus,
1828 1042 2000 1103 etiam
2031 1041 2081 1103 si
2111 1041 2173 1103 in
2205 1041 2319 1104 alio
2344 1044 2536 1105 cerni-

393 1147 547 1205 mus,
571 1130 810 1207 [tamen]
843 1146 954 1190 nos
983 1136 1177 1190 movet
1203 1136 1382 1209 atque
1412 1128 1520 1204 illi,
1550 1128 1614 1189 in
1646 1145 1765 1208 quo
1794 1125 1855 1189 id
1886 1127 2082 1189 inesse
2110 1127 2361 1204 videtur,
2391 1130 2536 1191 ami-

397 1234 500 1277 cos
528 1215 685 1277 facit.
745 1214 821 1276 Et
862 1231 1216 1295 quamquam
1259 1215 1456 1276 omnis
1495 1214 1682 1275 virtus
1723 1230 1835 1274 nos
1863 1213 1935 1275 ad
1980 1230 2045 1274 se
2073 1211 2255 1275 allicit
2284 1213 2538 1296 facitque

396 1311 462 1364 ut
506 1318 608 1362 eos
651 1299 990 1379 diligamuS,
1037 1300 1097 1360 in
1129 1299 1348 1380 quibus
1376 1300 1504 1380 ipsa
1533 1300 1728 1360 inesse
1756 1297 2039 1373 videatur,
2089 1305 2288 1360 tamen
2318 1300 2537 1364 iustitia

394 1395 453 1447 et
493 1384 809 1448 liberalitas
850 1385 907 1446 id
950 1385 1202 1447 maxime
1245 1385 1443 1446 efficit.
1530 1384 1688 1445 Nihil
1732 1391 1928 1445 autem
1975 1394 2062 1446 est
2090 1384 2399 1447 amabilius
2428 1403 2538 1447 nec

392 1470 729 1552 copulatius
771 1489 948 1551 quam
990 1488 1225 1532 morum
1264 1469 1587 1532 similitudo
1630 1469 1946 1531 bonorum.
2033 1469 2101 1530 In
2134 1464 2353 1551 quibus
2382 1471 2537 1533 enim

395 1557 595 1618 eadem
627 1556 819 1619 studia
849 1565 1009 1631 sunt,
1041 1557 1276 1617 eaedem
1306 1555 1657 1629 voluntates„
1687 1554 1747 1616 in
1780 1554 1853 1616 iis
1883 1555 1948 1617 fit
1976 1565 2043 1616 ut
2070 1572 2256 1635 aeque
2287 1556 2537 1637 quisque

394 1642 579 1704 altero
610 1641 934 1703 delectetur
961 1659 1030 1703 ae
1060 1659 1123 1702 se
1151 1641 1305 1722 ipso,
1336 1641 1708 1721 efficiturque
1728 1640 1809 1715 id,
1842 1639 1998 1722 quod
2022 1638 2383 1720 Pythagoras
2397 1640 2537 1704 ulti·

394 1745 557 1789 mum
587 1727 650 1789 in
681 1727 933 1789 amicitia
963 1726 1217 1808 putavit,
1260 1737 1325 1788 ut
1354 1744 1516 1791 unus
1543 1727 1643 1787 fiat
1672 1743 1743 1787 ex
1763 1725 2062 1806 pluribus.
2122 1725 2332 1806 Magna
2363 1727 2540 1790 etiam

461 1915 722 1965 conubia.-
741 1911 985 1965 wahrend
998 1916 1313 1978 coniugium
1326 1910 1419 1963 das

394 1981 699 2048 allgemeine
728 1980 876 2034 Wort
911 1980 993 2033 fur
1029 1980 1259 2033 eheliche
1294 1979 1421 2032 Ver-
1520 1978 1773 2045 bindung:
1828 1978 1975 2030 ‘auch
2028 1993 2181 2031 wenn
2218 1979 2313 2031 wir
2365 1994 2421 2032 es
2474 1996 2539 2034 an

1522 1910 1598 1976 tig
1627 1908 1859 1962 erklfiren
1891 1910 1945 1961 in
1964 1909 2129 1962 dieser
2147 1909 2541 1965 Gedankenver-
2565 1900 2576 1909 ’

395 2049 625 2115 bindung
669 2049 740 2101 ist
787 2048 892 2102 und
934 2047 1112 2102 darum
1147 2049 1278 2102 auch
1312 2063 1419 2100 von

392 2116 613 2169 Thieren
652 2116 932 2183 gebraucht
969 2116 1113 2182 wird,
1150 2117 1219 2169 ist
1256 2132 1418 2168 conu-

396 2187 540 2236 bium
570 2184 659 2237 der
687 2184 1129 2238 staatsrechtliche
1145 2183 1418 2237 Ausdruck

392 2253 499 2307 und
514 2251 760 2307 bedeutet
778 2251 871 2306 das
887 2252 1052 2306 Recht
1082 2253 1197 2306 eine
1218 2253 1416 2321 gultige

390 2322 501 2376 Ehe
555 2322 648 2375 mit
699 2322 866 2374 einem
918 2325 1047 2377 rom.
1102 2322 1145 2374 B
1243 2337 1299 2375 er
1351 2338 1417 2375 zu

395 2390 704 2452 schliessen;
741 2389 852 2442 hier
881 2389 1021 2443 steht
1051 2390 1142 2443 das
1235 2394 1316 2444 ort
1347 2391 1418 2442 im

388 2459 681 2525 Gegensatz
718 2475 784 2512 zu
819 2458 934 2511 dem
972 2460 1108 2512 oben
1125 2458 1268 2527 geht.
1296 2475 1420 2510 eon·

392 2530 607 2593 ingiam
642 2543 743 2580 von
780 2526 869 2581 der
884 2527 992 2579 Ehe
1028 2527 1118 2580 der
1152 2526 1418 2580 Staatsau-

392 2596 672 2663 gehorigen
706 2599 857 2648 unter
892 2596 1149 2651 einander.

461 2667 509 2720 2.
559 2667 700 2730 orig.
736 2680 844 2716 rer.
874 2665 1042 2731 publ„
1087 2664 1177 2717 der
1210 2663 1418 2730 Anfang

392 2732 496 2786 und
531 2732 615 2785 die
644 2735 779 2785 erste
811 2731 1034 2799 Bildung
1063 2733 1154 2786 des
1192 2730 1415 2797 StaateS,

393 2800 637 2853 wahrend
662 2800 745 2853 die
761 2799 973 2852 Familie
999 2800 1110 2853 sein
1134 2799 1281 2852 Keim
1309 2800 1416 2853 und

392 2869 534 2922 seine
569 2867 907 2920 Pflanzstfitte
938 2871 1165 2934 genennt
1199 2868 1344 2921 wird.

462 2939 511 2990 4.
559 2942 904 2988 monumenta
937 2940 1237 2988 maiorum:
1270 2935 1416 2990 Brut.

394 3007 462 3058 46
477 3043 492 3069 ,
530 3005 595 3058 62
648 3007 797 3070 ipsae
844 3007 985 3055 enim
1030 3003 1273 3066 fann'liae
1315 3020 1417 3056 sua

395 3075 552 3138 quasi
597 3078 910 3125 ornamenta
958 3089 1024 3124 ae
1071 3078 1418 3124 monumenta

393 3143 685 3193 servabant
709 3146 761 3193 et
779 3141 853 3193 ad
877 3158 1050 3207 usum,
1074 3146 1126 3193 ei
1142 3145 1263 3208 quis
1280 3144 1418 3193 eius.-

395 3210 512 3262 dem
523 3212 743 3277 generis
759 3211 1053 3275 occidisset,
1075 3216 1128 3262 et
1142 3211 1217 3262 ad
1224 3226 1419 3262 memo·-

390 3282 535 3330 riam
561 3278 781 3330 laudum
816 3279 1226 3331 domesticcmcm
1258 3284 1310 3331 et
1345 3279 1421 3331 ad

392 3347 772 3398 illustrandam
810 3348 1146 3400 nobilitatem
1178 3363 1348 3399 suam.

465 3418 510 3469 8.
565 3414 711 3465 Illud
744 3417 912 3466 enim.-
958 3415 1041 3470 die
1077 3415 1236 3469 durch
1273 3419 1417 3467 enim

388 3481 1245 3605 &stratagemate
1272 3484 1415 3603 ἓξὲξ

997 3590 1011 3618 5

395 3619 550 3686 steht,
586 3618 807 3673 sondern
834 3620 885 3672 in
917 3619 1032 3672 dem
1051 3634 1247 3687 ganzen
1268 3620 1416 3673 Com-

394 3689 515 3754 plex
549 3704 652 3741 von
689 3686 877 3742 Siitzen
913 3688 994 3740 bis
1039 3694 1104 3741 ut
1143 3704 1284 3739 unus
1315 3689 1420 3752 fiat

391 3773 466 3809 ex
496 3756 640 3823 plur.
683 3754 932 3809 Dasselbe
966 3754 1127 3809 findet
1164 3756 1296 3809 oster
1330 3757 1416 3811 bei

393 3827 586 3891 igitur,
639 3827 822 3890 itaque
874 3824 978 3877 und
1026 3824 1246 3878 anderen
1283 3825 1417 3877 Gon-

389 3892 694 3959 junctionen
730 3897 873 3948 statt.

465 3963 514 4017 9.
553 3965 726 4012 tamem
753 3960 885 4014 lasst
911 3962 1020 4015 sich
1038 3977 1134 4015 nur
1151 3960 1419 4014 nothdiirf·

1520 2048 1686 2099 einem
1704 2045 1910 2098 Andern
1942 2046 2125 2110 seben,
2157 2046 2339 2114 geffillt
2359 2062 2416 2101 es
2441 2064 2538 2102 uns

1520 2114 1779 2178 democh,
1817 2114 2128 2181 gleichwohl
2162 2115 2384 2171 nfimlich
2417 2115 2539 2170 dass

1520 2197 1575 2235 es
1621 2183 1704 2234 ein
1749 2182 1978 2235 Anderer
2022 2182 2115 2249 ist,
2170 2183 2251 2237 fiir
2299 2183 2399 2236 den
2446 2185 2544 2237 wir

1519 2250 1653 2304 doeh
1682 2250 1855 2319 wenig
1874 2250 2125 2305 Interesse
2152 2252 2351 2308 haben'.
2406 2252 2544 2307 Aber

1522 2320 1689 2373 dieser
1715 2320 2003 2387 Gegensatz
2034 2321 2391 2389 widerspricht
2426 2322 2542 2377 dem

1523 2403 1720 2455 ganzen
1750 2388 2223 2457 zusammenbange
2261 2391 2365 2443 und
2436 2396 2543 2444 asst

1521 2455 1833 2509 namentlich
1879 2457 1969 2509 auf
2001 2456 2100 2510 den
2136 2458 2356 2511 zweiten
2439 2459 2542 2512 heil

1521 2525 1612 2577 des
1647 2524 1963 2578 Nachsatzes
2000 2531 2159 2591 atque
2192 2526 2279 2577 illi
2314 2530 2412 2583 cet.
2450 2542 2543 2595 gar

1520 2592 1679 2648 nicht.
1727 2593 1797 2646 Es
1828 2593 1897 2646 ist
1923 2592 2081 2646 daber
2098 2595 2542 2662 wahrscheinlich,

1520 2661 1639 2714 dass
1694 2666 1869 2713 tamen
1922 2661 2024 2714 wie
2062 2662 2237 2730 haufig
2290 2663 2542 2731 derartige

1519 2729 1782 2782 Partikeln
1835 2746 1939 2783 von
1992 2730 2159 2783 einem
2203 2731 2544 2785 Abschreiber

1518 2798 1570 2850 in
1602 2797 1702 2850 den
1730 2798 1863 2850 Text
1894 2803 2095 2866 gesetzt
2124 2799 2222 2866 ist,
2260 2800 2350 2854 der
2380 2805 2544 2853 etiam

1518 2866 1613 2918 mit
1638 2869 1689 2918 si
1738 2866 1881 2918 nicht
1915 2866 2010 2919 mit
2043 2870 2103 2918 in
2137 2868 2263 2920 aliis
2297 2869 2542 2925 verband.

1519 2933 1637 3001 vgl.
1673 2904 1715 2986 ίι
1750 2936 1781 2999 ξ
1818 2936 1901 2990 32.

1591 3005 1672 3057 13.
1726 3002 2032 3068 copulatius
2084 3019 2224 3058 muss
2275 3020 2394 3058 man
2431 3021 2544 3059 ver·

1520 3070 1754 3137 gleichen
1779 3071 1873 3123 mit
1902 3071 2003 3124 den
2029 3088 2094 3126 zu
2111 3071 2421 3138 Adjectiven
2438 3090 2542 3127 von

1522 3139 1716 3191 activer
1733 3138 2041 3207 Bedeutung
2061 3141 2402 3208 gewordenen
2422 3141 2541 3195 Par-

1522 3207 1731 3275 ticipien
1769 3209 2154 3269 consideratus,
2191 3215 2399 3277 cantus,
2438 3215 2544 3263 cir-

1521 3282 1611 3328 ou‘
1706 3281 1876 3342 εοεαε,
1912 3275 2111 3343 falsus,
2149 3281 2365 3332 tacitus.
2434 3279 2540 3345 vgl.

1519 3344 1625 3399 Liv.
1695 3343 1818 3411 114,
1837 3347 1869 3398 9
1906 3349 2221 3398 commotius
2255 3346 2330 3398 ad
2360 3352 2542 3399 omnia

1520 3411 1792 3464 turbanda
1826 3413 2123 3467 connitum.

1590 3484 1669 3535 15.
1707 3481 1961 3533 ultimum
1986 3511 2029 3519 -
2061 3487 2280 3549 putavit
2309 3484 2379 3537 ist
2412 3484 2544 3537 nach

1518 3548 1649 3604 Non.
1680 3565 1731 3617 p.
1751 3553 1849 3603 417
1889 3550 2241 3618 geschrieben,
2279 3551 2368 3604 der
2402 3552 2543 3605 diese

1519 3616 1682 3670 Stelle
1708 3624 1856 3671 unter
1881 3619 2132 3671 ultimum
2152 3619 2314 3682 oitirt;
2352 3620 2457 3687 vgl.
2479 3620 2541 3673 de

1517 3685 1606 3740 fin.
1628 3685 1688 3738 111
1705 3690 1753 3752 9,
1775 3690 1841 3740 30
1868 3702 2132 3740 summum
2158 3690 2370 3756 bonum,
2399 3690 2545 3756 quod

1516 3755 1767 3807 ultimum
1802 3756 2028 3824 appello.

1591 3827 1672 3878 16.
1701 3828 1766 3875 ut
1780 3840 1921 3876 unus
1937 3824 2039 3887 fiat
2055 3831 2153 3879 cet.
2203 3824 2296 3877 Die
2315 3825 2542 3878 stoische

1519 3890 1795 3945 Definition
1821 3893 1892 3945 ist
1921 3892 2086 3960 (Diog.
2105 3895 2270 3948 Laert.
2290 3892 2378 3944 vll
2404 3895 2469 3948 23
2490 3910 2541 3949 u.

1524 3962 1641 4025 124)
1664 3964 1926 4013 κοινωνία
1960 3961 2081 4015 τῶν
2110 3958 2251 4015 κατὰ
2280 3958 2382 4014 τὸν
2397 3965 2542 4030 βίον,

2581 1214 2643 1268 10

2582 1642 2639 1693 15
