2813 4537
128 1218 191 1271 1⁰

130 1647 188 1699 15

795 269 880 322 DE
918 269 1179 324 OFFIGIIS
1214 272 1333 326 ΠΒ.
1368 273 1405 326 1.
1478 272 1618 327 GAP.
1647 277 1725 328 18.
1767 278 1845 330 19.
2328 275 2407 337 67

243 441 586 523 Contraque
614 442 677 508 in
706 442 999 520 laudibus,
1031 463 1182 526 quae
1209 462 1426 526 magno
1446 446 1643 508 animo
1676 447 1906 519 fortiter
1930 437 2404 533 excellenterque

241 536 412 608 gesta
448 535 621 604 sunt,
667 547 734 591 ea
776 530 977 591 nescio
1023 548 1142 611 quo
1186 532 1363 592 modo
1409 531 1578 612 quasi
1620 532 1891 614 pleniore
1935 553 2037 596 ore
2081 535 2406 598 laudamus·
2508 574 2522 595 .

239 613 402 676 Hinc
441 614 748 676 rhetorum
794 633 1038 697 campus
1078 616 1151 678 de
1180 615 1524 680 Marathone
1570 616 1897 694 Salamine,
1939 619 2190 683 Plataeis
2218 620 2406 685 Ther-

240 698 530 782 mopylis,
559 698 863 778 Leuctris,
890 701 1033 764 hinc
1063 709 1267 764 noster
1297 701 1523 779 CocleS,
1553 703 1695 766 hinc
1725 703 1916 779 Decii,
1938 705 2082 767 hinc
2112 705 2217 768 Cn.
2251 714 2309 768 et
2337 707 2404 769 P.

240 784 575 867 Scipiones,
605 785 748 848 hinc
779 786 854 849 M.
878 785 1210 863 Marcellae,
1241 786 1705 853 innumerabiles
1726 790 1846 865 alii,
1876 790 2245 873 maximeque
2275 791 2404 873 ipse

240 871 506 952 populus
536 869 844 934 Romanus
873 872 1055 936 animi
1083 873 1492 952 magnitudine
1524 874 1774 937 excellit.
1837 874 2181 939 Declaratur
2207 885 2404 939 autem

238 956 504 1104 {tudiutltli
542 955 790 1020 bellicae
831 957 1086 1037 gloriae,
1139 959 1298 1038 quod
1336 966 1559 1022 statuas
1602 979 1840 1043 quoque
1882 961 2148 1024 videmus
2188 971 2403 1025 ornatu

264 1060 367 1104 ere
395 1041 473 1104 m’
501 1041 653 1104 itari.
1841 1086 1849 1099 ,
2103 1059 2110 1065 ·

414 1126 530 1189 8611
561 1145 627 1189 ea
655 1127 838 1189 animi
869 1126 1040 1189 elatio
1061 1172 1078 1202 ,
1109 1145 1259 1209 quae
1289 1129 1555 1193 cernitur
1583 1131 1644 1192 in
1675 1130 1959 1212 periculis
1989 1138 2047 1193 et
2075 1130 2397 1208 laboribus,
2432 1135 2503 1193 19

237 1212 289 1273 si
319 1212 544 1275 iustitia
566 1220 731 1275 vacat
758 1220 1108 1294 pugnatque
1137 1232 1260 1276 non
1291 1231 1402 1296 pro
1431 1215 1621 1278 salute
1647 1216 1975 1292 communi,
2006 1216 2106 1281 sed
2138 1235 2248 1299 pro
2278 1218 2402 1282 suis
2443 1227 2502 1278 62

240 1298 598 1375 commodis,
644 1297 704 1360 in
736 1298 876 1360 vitio
909 1306 1016 1360 est.
1074 1298 1207 1360 Non
1238 1300 1415 1362 modo
1449 1301 1608 1363 enim
1637 1300 1698 1362 id
1725 1301 1962 1364 virtutis
1992 1321 2115 1364 non
2147 1311 2266 1378 est,
2298 1304 2399 1365 sed

239 1392 332 1446 est
372 1383 577 1466 potius
617 1383 980 1447 inmanitatis
1022 1402 1259 1447 omnem
1301 1386 1724 1449 humanitatem
1764 1386 2127 1469 repellentis.
2196 1387 2400 1468 Itaque

237 1469 430 1551 probe
456 1469 738 1542 definitur
766 1489 799 1531 a
824 1468 1040 1531 Stoicis
1068 1470 1373 1546 fortitudo,
1404 1488 1539 1534 cum
1574 1487 1718 1534 eam
1729 1472 2005 1535 virtutem
2036 1491 2163 1535 esse
2191 1473 2402 1535 dicunt

236 1564 716 1636 propugnantem
760 1573 871 1637 pro
916 1555 1231 1636 aequitate.
1306 1556 1594 1628 Quocirca
1637 1572 1844 1634 nemo,
1890 1558 1992 1639 qui
2033 1557 2401 1620 fortitudinis

232 1639 484 1719 gloriam
526 1648 885 1703 consecutus
927 1650 1017 1703 est
1059 1640 1288 1704 insidiis
1335 1650 1394 1704 et
1422 1642 1676 1718 malitia,
1720 1641 1952 1706 laudem
1998 1653 2087 1706 est
2114 1643 2392 1725 adeptusz

234 1724 387 1788 nihil
418 1725 577 1787 enim
606 1726 927 1788 honestum
956 1745 1084 1788 esse
1106 1734 1323 1808 potest,
1355 1728 1515 1809 quod
1544 1726 1763 1790 iustitia
1785 1732 1968 1791 vac‘at.
2021 1728 2397 1791 Praeclarum
2438 1750 2497 1801 63
2568 1808 2572 1812 ,

230 1810 415 1890 igitur
442 1809 589 1873 illud
618 1810 914 1874 Platonis:
960 1811 1131 1872 ‘Non'
1174 1811 1371 1894 inquit
1411 1812 1625 1875 ‘solum
1670 1812 1947 1888 scientia,
1991 1832 2141 1895 quae
2182 1822 2271 1877 est
2298 1834 2395 1877 re·
2433 1872 2442 1879 ,

230 1904 391 1958 mota
421 1895 494 1959 ab
526 1896 782 1972 iustitia,
829 1896 1113 1960 calliditas
1142 1897 1343 1978 potius
1372 1915 1548 1980 quam
1578 1898 1867 1981 sapientia
1898 1907 1986 1960 est
2026 1898 2393 1981 appellanda,

231 2000 438 2044 verum
469 1981 645 2045 etiam
673 1982 907 2046 animus
936 1990 1174 2064 paratus
1203 1983 1273 2046 ad
1300 1983 1653 2065 periculum,
1683 1984 1734 2047 si
1764 2002 1870 2047 sua
1896 1984 2237 2066 cupiditate,
2268 2004 2391 2048 non
2456 2036 2464 2042 .

234 2115 319 2167 die
352 2113 633 2169 Menschen
667 2115 1110 2178 verweichlichte3
1164 2115 1257 2170 Ov.
1363 2116 1506 2171 nibal
1550 2117 1636 2170 bei
1683 2116 1816 2170 Nola
1863 2117 1970 2171 und
2003 2117 2252 2171 Etoberer
2285 2134 2389 2171 von

232 2189 353 2237 met.
391 2183 460 2235 lv
496 2186 596 2238 288
615 2183 667 2237 ff.
705 2184 1037 2236 Salmacides
1069 2184 1140 2237 ist
1172 2184 1260 2237 da·
1362 2183 1613 2254 SyrakuS.

176 2266 181 2272 ·
230 2252 324 2305 her
355 2250 737 2322 Schimpfname
775 2253 858 2306 ffir
886 2253 1037 2308 einen
1055 2251 1260 2306 Weich·
1432 2256 1480 2308 7.
1532 2254 1774 2308 studium
1811 2254 1929 2307 bell.
1959 2254 2209 2322 gloriae.-
2243 2253 2387 2308 darin

231 2321 356 2388 ling.
393 2321 537 2374 Nach
555 2321 692 2377 Fest.
765 2363 777 2376 .
801 2325 899 2375 202
932 2322 1000 2375 ist
1021 2321 1110 2375 der
1128 2321 1258 2374 Vers
1361 2323 1501 2390 zeigt
1565 2324 1675 2376 sich
1735 2323 2018 2377 besonders
2077 2324 2160 2378 die
2219 2326 2391 2375 animi

229 2405 324 2443 aus
342 2389 554 2445 Ennius,
601 2389 702 2443 Der
769 2389 994 2443 usdruck
1022 2390 1258 2457 spoliare
1359 2393 1699 2457 magnitudo.

228 2462 347 2509 sine
381 2473 534 2524 sang.
571 2458 796 2511 erinnert
830 2474 896 2511 an
931 2457 1023 2511 das
1055 2458 1256 2512 Griech.
1431 2465 1634 2511 ornatu
1649 2459 1770 2522 fere
1784 2459 2020 2511 militari
2030 2476 2049 2507 .-
2082 2458 2201 2521 fere
2217 2459 2386 2525 meist,

228 2518 759 2648 ἑζῗῆῗῖῗὲἷὶιιαωκῗίἓίι
783 2525 1258 2647 ιὲἓῗιθκεαῖἲέἷεῗ
1360 2527 1806 2661 ξθὲἶόὴὲιιίῑῖιῂήῗῖ
1838 2526 2257 2648 ῗιῗζιΒὶῗόιςίνεὲ
2266 2527 2384 2648 ’1111

226 2662 427 2716 1111111116
461 2612 716 2716 woh'fpals
751 2634 1133 2730 Schimpfname
1170 2677 1258 2729 ge·
1359 2678 1446 2715 wo
1476 2678 1530 2715 er
1556 2635 1783 2716 von⁰der
1812 2660 1945 2715 Sitte
1974 2634 2389 2716 Menschen’Sttss-

223 2731 443 2784 braucht
478 2731 714 2797 werden,
771 2731 868 2783 wie
914 2731 967 2783 in
1017 2731 1256 2784 auderem
1360 2734 1485 2784 tuen
1503 2747 1567 2784 zu
1586 2735 1761 2785 setzen
1780 2730 1991 2798 spi-ioht,
2009 2734 2150 2797 sagt:
2182 2730 2387 2783 Graeca

227 2799 388 2851 Sinne
422 2799 507 2851 bei
542 2798 759 2852 Plautus
793 2798 971 2867 haufig
1004 2800 1256 2851 Acheron
1357 2816 1444 2851 res
1468 2800 1611 2851 nihil
1630 2801 1823 2865 velare,
1848 2804 1907 2851 at
1930 2803 2121 2851 contra
2141 2798 2384 2851 Romana

223 2867 508 2936 gebraucht
541 2868 627 2922 ist.
1359 2885 1425 2920 ae
1457 2868 1718 2922 militaris
1750 2870 2004 2921 thoracas
2037 2868 2249 2920 addere.

293 2938 341 2988 3.
378 2937 519 2988 Hinc
543 2938 684 2990 rhet.
712 2952 956 3004 campus,
991 2935 1040 2989 d.
1065 2936 1100 2991 i.
1126 2938 1254 2988 hinc
1427 2938 1505 2991 13.
1534 2940 1722 3005 probe,
1759 2936 1807 2990 d.
1825 2936 1860 2990 i.
1896 2941 2056 3002 reete,
2082 2936 2381 3016 praeclare.

220 3004 306 3070 fit,
340 3010 407 3055 ut
430 3004 614 3056 laudes
636 3004 977 3057 Marathonis
998 3008 1111 3056 sint
1132 3007 1253 3057 rhe-
1423 3005 1687 3068 definitur
1721 3022 1755 3057 a
1780 3005 1995 3059 Stoicis.
2043 3004 2170 3058 Eine
2195 3004 2381 3058 andere

222 3077 406 3124 torum
456 3089 687 3140 campus.
779 3074 855 3126 Zu
899 3075 1028 3124 hine
1069 3079 1253 3126 noster·
1349 3071 1629 3128 Definition
1664 3074 1742 3127 als
1770 3073 1852 3125 die
1880 3073 1935 3126 in
1965 3073 2057 3126 der
2083 3072 2382 3140 Einleitung

223 3141 407 3194 Coeles
452 3157 596 3195 muss
643 3156 761 3195 man
812 3141 923 3194 sich
968 3141 1103 3193 dann
1156 3157 1249 3195 aus
1352 3142 1633 3209 gegebene.
1659 3140 1891 3196 Tusc.1V
1907 3143 2068 3208 24‚53
2079 3141 2379 3193 Fortitudo

218 3210 359 3262 rhet.
379 3225 551 3278 camp.
572 3210 656 3262 ein
669 3209 896 3263 Verbum
912 3210 1249 3264 verwandten
1352 3216 1431 3261 est
1462 3213 1693 3263 scientia
1714 3225 1900 3261 rerum
1929 3207 2381 3277 per-ferendarum

218 3276 409 3331 Sinnes
433 3280 686 3345 ergfinzen
740 3279 851 3333 also
886 3295 919 3330 a
943 3280 1250 3330 rhetoribus
1348 3279 1434 3329 vel
1466 3276 1705 3340 adfectio
1733 3280 1907 3350 animi
1940 3280 2003 3329 in
2028 3278 2290 3343 patiendo
2317 3292 2384 3329 ae

217 3347 537 3400 laudantur.
590 3347 655 3400 de
678 3318 768 3401 fin.
792 3346 834 3398 11
858 3350 942 3413 31,
971 3349 1066 3400 103
1104 3347 1250 3412 quod
1340 3346 1670 3414 perferendo
1733 3360 1969 3398 summae
2031 3346 2137 3411 legi
2181 3360 2384 3413 parens

215 3419 268 3466 si
304 3414 417 3467 dies
449 3415 726 3467 notandus
756 3413 896 3481 fuit,
931 3430 1120 3466 eumne
1146 3432 1247 3482 po·
1346 3419 1466 3468 sine
1502 3418 1712 3467 timore.

213 3486 329 3534 tius
372 3500 476 3550 quo
523 3488 688 3535 natus
732 3500 804 3534 an
857 3498 976 3535 eum
1023 3499 1128 3549 quo
1161 3500 1246 3535 sa·
1421 3487 1502 3537 17.
1539 3483 1680 3536 illud
1694 3483 1967 3536 Platonis.-
1989 3480 2126 3535 Men.
2146 3498 2197 3549 p.
2217 3481 2378 3535 246E

207 3555 370 3620 piens
400 3550 581 3614 factus
615 3556 730 3604 est?
798 3550 1023 3604 namlich
1058 3556 1246 3604 notari
1349 3551 1503 3605 πᾶσα
1530 3545 1804 3633 &aserdan
1833 3552 2186 3636 ζωριζοζιέωηζ
2206 3544 2376 3600 δικαι-

217 3623 478 3688 oportuit.
532 3621 640 3688 vgl.
678 3637 722 3676 z.
757 3619 799 3671 11
835 3620 868 3688 ξ
904 3623 986 3674 84.
1347 3615 1543 3686 cohme
1576 3624 1669 3672 καὶ
1702 3636 1797 3687 της
1831 3616 1992 3685 aune
2024 3633 2215 3689 αρετης
2237 3633 2377 3669 παν·

282 3692 334 3743 4.
372 3688 465 3741 Gn.
492 3695 546 3741 et
572 3692 629 3742 P.
651 3689 947 3756 Scipiones,
977 3688 1068 3741 der
1083 3687 1242 3741 Vater
1344 3693 1561 3760 ουργία,
1608 3684 1670 3741 οὐ
1720 3704 1787 3740 σο
1833 3693 1890 3740 ta
1932 3690 2205 3757 φαίνεται.
2275 3685 2376 3738 Fiir

214 3757 320 3809 und
356 3755 535 3810 Oheim
581 3757 672 3810 des
721 3758 918 3811 alteren
950 3756 1240 3822 Africaan
1345 3757 1445 3810 den
1497 3757 1719 3810 zweiten
1817 3755 1921 3809 heil
1974 3754 2065 3808 1168
2102 3753 2284 3808 Satzes
2331 3770 2372 3807 8.

213 3824 298 3877 1116
345 3825 497 3878 beide
543 3827 598 3879 in
635 3825 861 3894 Spanien
908 3840 1089 3893 gegen.
1114 3823 1240 3877 Has-
1343 3825 1495 3878 Lach.
1532 3842 1581 3893 p.
1628 3827 1719 3878 197
1756 3824 1798 3876 Β
1852 3822 2032 3877 ταῦτα
2067 3812 2194 3890 οὖν,
2233 3816 2269 3875 ἃ
2304 3819 2371 3873 σύ

213 3892 398 3945 drubal
445 3892 601 3947 fielen
647 3896 717 3948 im
751 3894 904 3947 Jahre
942 3896 1042 3947 542
1079 3893 1236 3958 (212).
1341 3889 1520 3945 καλεῖς
1553 3887 1778 3963 ἀνδρεῖα
1800 3896 1893 3945 καὶ
1928 3890 1984 3945 οἱ
2016 3888 2225 3957 πολλοί,
2261 3885 2372 3961 ἐγώ

210 3961 282 4015 Μ.
310 3961 602 4015 Marcellus
637 3963 727 4017 der
752 3962 930 4031 Sieger
956 3962 1084 4015 fiber
1106 3960 1240 4014 Han·
1342 3960 1565 4033 θρασέα
1599 3957 1768 4015 καλῶ.

1888 4045 1962 4097 5*
