2813 4537
383 250 504 314 156

992 221 1086 308 on
1115 251 1381 310 omens,
1410 250 1528 308 Lm.
1552 252 1609 305 11.
1680 250 1822 304 cAP.
1853 254 1931 305 ιε.

274 447 284 492 ;
377 427 554 490 detur
592 433 652 486 et
694 426 930 490 certior.
1002 426 1240 497 Quanto
1286 423 1631 487 Aristoteles
1673 424 1908 503 gravius
1952 433 2013 485 et
2048 425 2245 486 verius
2286 444 2397 487 nos
2434 444 2532 486 re·-

378 511 723 591 prehendit,
766 510 873 590 qui
890 512 1004 572 ‚has
1031 510 1424 590 pecuniarum
1453 509 1775 572 effusiones
1803 528 1928 571 non
1958 510 2334 584 admiremur,
2382 528 2532 589 quae

379 598 533 659 fiunt
561 596 634 657 ad
663 595 1102 658 multitudinem
1132 595 1572 658 deleniendam:
1604 595 1701 656 Ait
1728 598 1902 668 enm,
1934 595 2037 673 qui
2067 596 2141 656 ab
2170 597 2339 658 hoste
2370 596 2531 658 obsi·

379 683 624 756 dentur,
668 681 718 742 si
746 699 945 744 emere
985 700 1172 761 aquae
1210 680 1531 743 sextarium
1560 688 1922 760 cogerentur
1945 679 2137 756 mina,
2180 682 2295 742 hoc
2336 681 2531 760 primo

378 766 726 830 incredibile
765 766 941 830 nohis
980 766 1164 828 videri
1193 784 1524 844 omnesque
1563 765 1795 839 mirari,
1838 767 1944 827 sed
1972 783 2112 827 cum
2154 767 2536 841 attenderint,
2565 776 2608 825 5

379 851 610 914 veniam
654 851 991 914 necessitati
1033 853 1202 927 dare,
1248 850 1311 912 in
1356 850 1452 913 his
1495 850 1839 913 inmanibus
1879 850 2122 913 iacturis
2165 852 2533 931 infinitisque

379 936 715 1017 sumptibus
743 936 892 1000 nihil
936 956 1049 1000 nos
1074 954 1439 1016 magnopere
1477 936 1711 1012 mirari,
1760 954 1897 997 cum
1942 938 2292 1017 praesertim
2337 954 2534 1016 neque

381 1021 719 1084 necessitati
738 1021 1123 1083 subveniatur
1144 1040 1258 1083 nec
1287 1021 1544 1101 dignitas
1572 1030 1858 1100 augeatur
1884 1022 2132 1102 ipsaque
2150 1022 2254 1083 illa
2275 1022 2532 1084 delecta-

379 1107 464 1170 tio
494 1106 888 1170 multitudinis
925 1108 998 1168 ad
1041 1107 1219 1168 breve
1260 1106 1657 1186 exiguumque
1701 1115 1939 1187 tempus
1980 1110 2248 1188 capiatur
2279 1125 2468 1185 eaque
2498 1125 2532 1167 a

379 1191 674 1254 levissimo
704 1210 975 1270 quoque:
1002 1192 1070 1256 in
1103 1211 1222 1271 quo
1244 1200 1444 1253 tamen
1476 1192 1610 1272 ipso
1638 1211 1759 1254 una
1785 1211 1925 1254 cum
1953 1192 2222 1254 satietate
2249 1192 2535 1254 memoria
2581 1199 2645 1254 to

277 1287 336 1337 57
378 1295 621 1355 quoque
656 1277 946 1340 moriatur
975 1277 1309 1357 voluptatis.
1371 1277 1534 1340 Bene
1573 1278 1751 1338 etiam
1793 1277 2016 1357 colligit
2039 1270 2211 1339 ‘haec
2240 1278 2443 1358 pueris
2471 1285 2532 1339 et

379 1361 742 1426 mulierculis
784 1370 843 1426 et
883 1362 1066 1425 servis
1124 1370 1183 1424 et
1223 1380 1530 1426 servorum
1572 1362 1881 1426 simillimis
1932 1362 2134 1425 liberis
2175 1379 2303 1425 esse
2346 1371 2530 1442 grata,

376 1447 542 1527 gravi
568 1463 709 1512 vero
738 1447 969 1512 homini
998 1455 1058 1508 et
1086 1466 1172 1523 ea,
1205 1467 1357 1527 quae
1384 1449 1559 1523 fiunt,
1582 1447 1804 1512 iudicio
1825 1456 1987 1510 certo
2010 1447 2368 1527 ponderanti
2388 1466 2531 1528 pro-

456 1618 498 1667 l.
532 1615 861 1669 Aristoteles.
898 1614 1145 1684 Bernay8‚
1178 1615 1265 1668 die
1287 1614 1404 1667 Dia-

380 1682 500 1749 loge
549 1682 639 1734 des
675 1683 980 1738 Aristoteles
1026 1700 1077 1751 p.
1122 1686 1244 1750 133,
1291 1698 1399 1735 ver-

381 1751 604 1816 muthet‚
642 1750 760 1803 dass
796 1751 877 1803 die
915 1751 1076 1803 Stelle
1113 1752 1166 1802 in
1189 1751 1401 1804 Aristot.

381 1818 573 1871 Schrift
591 1836 662 1871 πε
698 1822 718 1869 l
741 1815 980 1872 πλούτου
1002 1820 1169 1872 stand.
1214 1817 1406 1871 Ueber-

381 1902 518 1942 mass
564 1887 621 1940 in
688 1903 743 1940 er
776 1888 1125 1953 Ausi-ichtung
1162 1887 1253 1940 der
1287 1887 1403 1940 blos

378 1971 500 2012 zum
517 1954 693 2008 Prunk
709 1955 994 2008 dienenden
1010 1955 1272 2022 Liturgien
1290 1970 1404 2007 ver·

380 2023 592 2075 urtheilt
625 2022 931 2076 Aristoteles
962 2024 1092 2076 auch
1122 2022 1277 2077 Polit.
1297 2022 1404 2073 VllI

380 2093 430 2143 8.
490 2090 660 2143 Andre
695 2090 885 2142 wollen
920 2091 1032 2143 hier
1063 2093 1246 2143 Aristo
1273 2091 1404 2143 Ceus

378 2158 664 2211 schreiben.
757 2158 936 2210 Dieser
992 2174 1100 2211 war
1155 2174 1242 2211 um
1300 2161 1403 2214 228

376 2226 548 2295 Haupt
601 2226 690 2279 der
740 2227 1176 2296 peripatetischen
1214 2226 1403 2280 Schule

376 2294 484 2349 und
509 2296 599 2348 hat
630 2301 781 2349 unter
814 2296 1004 2355 andern
1038 2289 1405 2364 ὑπομνήματα

378 2366 504 2431 περὶ
561 2358 870 2427 κενοδοξίας
926 2365 1263 2432 geschrieben
1277 2404 1291 2430 ,
1349 2365 1403 2416 in

377 2432 544 2553 ldenen
560 2432 730 2486 dieser
742 2434 1040 2500 Ausspruch
1058 2434 1202 2486 hatte
1221 2433 1403 2486 stehen

416 2503 603 2555 onnen.

446 2571 496 2623 2.
533 2570 895 2623 admiremur:
928 2568 991 2621 111
1025 2568 1160 2635 §75.

346 2640 414 2704 ρ,
446 2641 494 2689 4.
533 2643 855 2702 cogerentur
902 2637 1070 2689 haben
1105 2636 1187 2688 die
1221 2637 1404 2690 hesten

377 2705 527 2757 Hdss.
610 2705 665 2758 In
718 2709 800 2767 ait
852 2704 982 2770 liegt
1033 2705 1268 2770 zugleich
1321 2705 1406 2756 ein

376 2772 713 2827 historisches
749 2772 990 2838 Tempus.
1046 2771 1118 2825 So
1156 2773 1406 2826 wechselt

377 2840 463 2892 hei
487 2840 588 2894 cie.
624 2841 755 2892 nach
788 2841 943 2904 dicit,
978 2843 1075 2904 ait,
1109 2840 1267 2892 docet
1296 2840 1403 2895 und

380 2906 650 2960 ahnlichen
670 2907 877 2960 Verben
900 2906 1075 2972 hiiufig
1094 2908 1403 2972 Conjunctiv

376 2974 672 3029 Praesentis
706 2975 811 3029 und
843 2974 1150 3043 Imperfecti.
1210 2975 1262 3029 S.
1300 2991 1345 3029 z.
1381 2975 1402 3027 1

379 3043 414 3110 ἃ
452 3045 535 3097 87.
603 3042 668 3095 111
700 3042 735 3109 ἃ
777 3046 886 3097 103.
958 3042 1022 3098 de
1061 3043 1200 3097 deor.
1243 3049 1346 3096 nat.
1382 3043 1403 3095 1

384 3115 462 3176 15,
482 3114 548 3165 39
570 3111 832 3165 mundum
864 3113 1023 3165 deum
1058 3112 1197 3163 dicit
1228 3128 1337 3163 esse
1359 3140 1402 3151 «—

380 3185 493 3230 tum
529 3182 645 3230 eius
680 3183 852 3246 ipsius
879 3184 1274 3247 principatum,
1310 3183 1406 3246 qui

377 3251 439 3299 in
459 3253 636 3299 menie
656 3254 710 3299 et
728 3252 943 3303 ratione
966 3253 1210 3300 versetur
1228 3277 1268 3286 -
1288 3254 1402 3300 tum

378 3332 465 3381 ea,
512 3332 648 3380 quae
692 3322 895 3369 natura
938 3319 1175 3380 fluerent
1206 3323 1261 3368 et
1289 3333 1403 3369 ma·-

377 3388 574 3435 πανοπε
598 3413 640 3423 -
663 3388 1169 3452 universitatemque
1196 3402 1401 3451 rerum,

377 3467 485 3518 qua
504 3455 686 3504 omnia
703 3457 1124 3513 continerentur.
1159 3454 1403 3507 Nament-

376 3519 481 3575 lich
534 3535 619 3574 wo
672 3522 774 3576 Cic.
821 3537 888 3577 an
935 3522 1019 3574 ein
1066 3522 1400 3575 historisches

376 3589 589 3643 Factmn
624 3588 810 3655 denkt,
863 3594 999 3645 setzt
1034 3605 1088 3642 er
1135 3591 1234 3643 deu
1271 3590 1402 3643 Con-

370 3657 577 3722 junctiv
637 3658 710 3715 lm
747 3659 929 3712 erfecti
995 3658 1181 3711 mitten
1251 3662 1402 3711 nnter

377 3723 688 3780 Praesentia.
756 3727 806 3780 ie
822 3725 1216 3781 Handechristen
1232 3726 1401 3780 haben

377 3798 439 3847 at
469 3795 528 3844 1ιί
539 3812 559 3856 ‚·
616 3795 739 3848 aber
784 3795 874 3849 der
920 3793 1042 3848 Satz
1094 3798 1190 3861 qui
1235 3797 1301 3846 ab
1348 3796 1401 3847 Ιι.

378 3861 687 3914 obsidentur
720 3892 760 3903 -
798 3866 998 3915 mirari
1045 3863 1210 3917 biidet
1259 3862 1403 3916 nicht

378 3928 477 3983 den
496 3927 782 3995 Gegensatz
807 3931 1009 3990 zudem
1025 3931 1401 4001 vorhergehen·

1507 1615 1632 1681 den,
1685 1615 1910 1668 sondern
1955 1631 2021 1668 zu
2065 1615 2180 1667 dem
2225 1614 2528 1681 folgenden:
2621 1635 2636 1683 ζ

1506 1686 1565 1734 in
1601 1686 1684 1734 liis
1716 1687 1845 1735 inm.
1883 1713 1925 1721 -
1962 1684 2105 1735 nihil
2140 1714 2180 1722 -
2217 1687 2429 1735 mirari.

1574 1754 1624 1805 7.
1663 1766 1783 1802 cum
1813 1755 2130 1819 praesertim
2164 1765 2351 1817 neque,
2394 1751 2533 1803 wah-

1509 1819 1635 1871 rend
1659 1819 1791 1871 doch
1816 1819 1959 1872 nicht
1982 1820 2197 1880 einmal;
2236 1836 2356 1870 cum
2375 1835 2533 1886 prae-

1504 1891 1692 1940 sertim
1727 1888 1871 1954 giebt
1905 1887 2003 1940 den
2039 1888 2328 1954 Gegensatz
2366 1902 2430 1940 an
2463 1911 2533 1936 aa

1507 1959 1781 2022 quamvis-,-
1832 1955 1898 2007 de
1933 1954 2021 2007 fin.
2057 1955 2097 2008 11
2133 1957 2182 2021 8,
2208 1958 2273 2008 25
2308 1960 2453 2008 recte
2488 1985 2531 1994 -—

1506 2029 1672 2089 negat
1704 2039 1957 2089 umquam
1994 2025 2123 2074 bene
2162 2040 2374 2075 cenasse
2411 2022 2531 2075 Gal-

1509 2092 1741 2143 lonium:
1765 2096 1923 2156 recte,
1947 2095 2218 2157 miserum,
2238 2106 2357 2142 cum
2374 2107 2532 2158 prae-
2619 2101 2634 2109 “

1505 2162 1688 2210 sertim
1734 2163 1796 2211 in
1846 2173 1906 2210 eo
1942 2173 2095 2211 omne
2134 2159 2375 2211 studium
2410 2175 2534 2210 con-

1506 2233 1741 2280 sumeret
1769 2229 1835 2294 (s,
1867 2226 2076 2295 Madvig
2110 2243 2158 2282 z.
2193 2228 2241 2280 d.
2279 2226 2395 2291 St).

1576 2300 1625 2350 8.
1643 2299 1951 2348 neceesitaii
1962 2299 2340 2349 mbvmiatur:
2365 2296 2386 2349 1
2405 2295 2529 2364 583.

1577 2368 1627 2419 9.
1647 2368 1900 2432 capiatur
1915 2395 1954 2404 -
1974 2382 2007 2417 a
2025 2365 2288 2418 levissimo
2308 2380 2533 2430 quoquo.

1507 2433 1582 2486 Da
1626 2433 1718 2486 das
1744 2433 2002 2500 ‘folgende
2034 2433 2090 2486 in
2126 2449 2231 2499 quo
2259 2460 2316 2470 -
2334 2437 2450 2499 ipso
2491 2462 2533 2471 -

1506 2505 1769 2552 memoria
1801 2504 2077 2553 moriatur
2109 2501 2401 2567 vol-aptatis
2444 2501 2534 2555 auf

1508 2570 1802 2622 levissimus
1829 2575 2052 2636 quisque
2080 2585 2146 2621 zu
2175 2569 2425 2622 beziehen
2447 2569 2532 2632 ist,

1508 2636 1715 2691 konnen
1746 2638 1987 2690 darunter
2017 2653 2114 2690 nur
2141 2636 2225 2689 die
2243 2637 2533 2690 Zuschauer

1508 2705 1816 2759 verstanden
1871 2705 2105 2770 werden,
2171 2705 2252 2757 die
2309 2705 2364 2757 in
2415 2704 2530 2757 dem

1510 2773 1786 2841 folgenden
1819 2775 1914 2825 mit
1944 2776 2121 2842 pueri,
2163 2773 2531 2838 mulierculae,

1504 2845 1671 2907 servi,
1730 2858 2007 2894 servorum
2056 2840 2322 2892 simillimi
2379 2842 2534 2893 liberi

1505 2910 1809 2963 bezeichnet
1822 2909 1952 2964 sind.
1981 2910 2148 2962 Wenn
2167 2925 2231 2961 an
2244 2908 2530 2977 derartigen

1507 2976 1973 3043 Schaustellungen
1991 2979 2122 3030 auch
2138 2977 2407 3030 Gehildete
2427 2977 2529 3030 und

1507 3045 1798 3098 Vornehme
1833 3046 2180 3098 theilnahmen
2197 3086 2211 3112 ‚
2260 3062 2318 3099 so
2356 3059 2530 3099 waren

1507 3114 1583 3166 sie
1608 3113 1740 3165 doch
1765 3114 2155 3181 hauptsachlich
2189 3114 2281 3166 auf
2306 3114 2388 3166 die
2412 3113 2531 3165 Nei-

1507 3195 1648 3248 gung
1682 3181 1772 3233 der
1805 3180 1992 3249 Menge
2026 3183 2327 3249 berechnet‚
2374 3182 2526 3233 deren

1505 3249 1672 3303 Gunst
1684 3249 1908 3303 dadurch
1921 3250 2125 3304 erkauft
2134 3251 2340 3304 werden
2359 3249 2527 3307 ssollte.

1503 3317 1605 3371 Das
1640 3316 1864 3371 Verbum
1901 3318 2031 3373 fehlt
2063 3319 2120 3372 in
2153 3319 2255 3372 den
2287 3316 2438 3373 Hdss,
2460 3346 2530 3357 -—

1504 3386 1605 3439 Fer
1643 3387 1717 3439 ad
1750 3389 1907 3439 breve
1942 3393 2146 3455 tempus
2179 3403 2220 3441 s,
2257 3403 2300 3441 z.
2337 3386 2358 3438 1
2392 3388 2424 3451 ἐ
2445 3388 2527 3447 27,

1503 3454 1611 3521 vgl.
1658 3455 1794 3508 Lael.
1832 3458 1893 3521 8,
1930 3458 1993 3511 27
2031 3461 2218 3509 amani
2249 3455 2324 3507 ad
2365 3453 2530 3520 quod-

1502 3523 1629 3575 dam
1662 3529 1882 3589 tempus.

1575 3595 1656 3645 13.
1690 3593 1898 3647 iudicio
1933 3597 2094 3655 certo,
2140 3591 2235 3643 mit
2267 3590 2530 3643 bestimm-

1508 3663 1626 3725 ten),
1663 3659 1712 3711 d.
1733 3660 1783 3712 h.
1808 3676 1913 3713 von
1937 3660 2027 3713 der
2049 3658 2384 3715 offentlichen
2403 3657 2528 3710 Mei-

1504 3742 1645 3794 nung
1665 3727 2079 3795 unabbiingigem
2102 3725 2320 3781 Urtheil.
2354 3742 2447 3794 pro
2473 3725 2524 3777 S.

1503 3795 1658 3850 Rosc.
1692 3798 1775 3861 30,
1801 3799 1870 3850 83
1901 3802 2108 3848 ceriam
2142 3797 2362 3860 crimen,
2413 3794 2527 3847 eine
2597 3834 2600 3837 .

1504 3864 1595 3919 auf
1623 3868 1785 3929 guten
1821 3864 2060 3918 Grunden
2102 3863 2397 3917 beruhende
2431 3860 2527 3917 Be-

1505 3931 1861 3999 schuldigung.
1922 3932 2029 3986 Liv.
2063 3931 2178 3984 XXI
2214 3934 2309 3997 31,
2348 3933 2409 3987 12
2443 3933 2527 3985 in-
