2813 4537
444 277 570 340 ’186
1050 281 1134 333 DE
1170 279 1431 333 OFFICIIS
1468 280 1586 335 LIB.
1618 279 1694 334 111.
1765 280 1908 335 GAP.
1937 284 1987 335 4.

440 450 570 537 des]
601 455 792 516 iustus
821 454 1194 528 nominatur,
1239 462 1341 515 aut
1381 453 1613 514 abillis
1642 453 2005 515 fortitudinis
2048 461 2150 514 aut
2177 453 2250 513 ab
2280 453 2394 514 hoe
2422 452 2600 513 iusti-

324 595 335 604 ,
440 539 556 601 tiae
586 548 884 619 tamquam
913 558 946 600 a
976 540 1242 619 sapiente
1269 539 1493 618 petitur
1521 539 1874 618 exemplum.
1946 539 2131 600 Nemo
2177 538 2337 599 enim
2377 538 2599 599 horum

442 626 528 687 sie
557 625 810 705 sapiens,
841 633 910 686 ut
937 626 1263 704 sapientem
1294 624 1564 685 volumus
1593 624 1885 704 intellegi,
1919 642 2030 686 nee
2059 624 2100 685 ii
2114 670 2129 698 ,
2163 624 2264 702 qui
2293 624 2596 703 sapientes

442 719 585 772 sunt
612 711 797 772 babiti
825 718 883 771 et
905 710 1213 784 nominati,
1244 710 1320 770 Μ.
1354 710 1495 771 Cato
1526 717 1585 771 et
1614 709 1677 770 C.
1707 708 1971 783 Laeliae,
1999 709 2298 789 sapientes
2325 709 2594 783 fuerunt,

445 814 521 858 ne
550 796 633 858 illi
664 797 900 875 quidem
940 805 1197 876 septem,
1242 796 1345 857 sed
1389 814 1463 856 ex
1505 794 1837 856 mediorum
1880 795 2212 856 officiorum
2257 794 2596 874 frequentia
2638 806 2673 856 5

340 891 396 943 1¹¹1
436 881 879 943 similitudinem
910 883 1206 960 quandam
1245 881 1530 960 gerebant
1558 880 1935 960 speciemque
1963 880 2337 960 sapientium.
2424 879 2593 951 Quo-

441 968 597 1029 circa
626 987 737 1029 nec
768 968 860 1042 id,
906 968 1065 1045 quod
1108 984 1247 1026 vere
1289 966 1609 1027 honestum
1652 974 1771 1040 est,
1803 966 1890 1028 fas
1911 974 2002 1027 est
2030 984 2167 1027 eum
2196 965 2465 1028 utilitatis
2493 984 2592 1027 re-

439 1053 766 1134 pugnantia
795 1052 1127 1132 comparari
1157 1070 1269 1112 nee
1298 1051 1357 1112 id
1373 1098 1388 1125 ‚
1434 1052 1593 1131 quod
1636 1052 2032 1113 communiter
2072 1051 2435 1131 appellamus
2478 1051 2591 1111 ho-

440 1147 708 1213 nestum,
756 1138 915 1217 quod
959 1138 1176 1199 colitur
1218 1137 1291 1197 ab
1336 1137 1437 1213 iis,
1484 1137 1587 1216 qui
1612 1136 1825 1198 -honos
1848 1156 1911 1198 se
1940 1137 2100 1198 viros
2127 1137 2330 1197 baberi
2358 1137 2586 1210 volunt,

440 1242 576 1284 eum
621 1223 1035 1285 emolumentis
1077 1241 1360 1301 umquam
1404 1230 1495 1284 est
1517 1224 2009 1301 comparandum,
2041 1230 2279 1301 tamque
2308 1223 2367 1283 id
2398 1223 2590 1283 hone·-
2635 1234 2702 1288 m
2803 1307 2804 1312 ἵ

439 1316 613 1383 stum,
647 1308 806 1388 quod
833 1308 894 1369 in
929 1317 1194 1370 nostram
1222 1308 1685 1388 intellegentiam
1708 1308 1880 1384 eadit,
1909 1309 2199 1369 tuendum
2228 1325 2590 1370 conservan-

432 1394 698 1473 dumque
728 1394 902 1455 nobis
945 1402 1035 1456 est
1078 1412 1255 1473 quam
1298 1393 1472 1468 illud,
1515 1393 1673 1472 quod
1700 1393 1943 1473 proprie
1971 1393 2189 1455 dieitur
2213 1412 2470 1472 vereque
2499 1400 2591 1454 est

440 1480 787 1554 honestum,
831 1479 1215 1558 sapientibus.
1287 1478 1475 1539 Aliter
1515 1478 1677 1539 enim
1717 1479 1913 1540 teneri
1943 1497 2068 1539 non
2097 1485 2323 1558 potest,
2354 1479 2404 1540 si
2434 1497 2587 1559 quae

438 1565 509 1624 ad
554 1565 831 1625 virtutem
875 1574 964 1625 est
1005 1565 1157 1625 faeta
1199 1563 1560 1644 progressio.
1635 1563 1750 1626 Sed
1794 1565 1939 1626 haee
1971 1563 2208 1643 quidem
2250 1564 2321 1625 de
2351 1563 2452 1639 iis,
2484 1563 2588 1645 qui

335 1658 392 1709 18
433 1650 883 1711 conservatione
927 1651 1259 1711 officiorum
1299 1649 1710 1711 existimantur
1751 1649 1915 1710 boni.
1988 1648 2106 1720 Qui
2149 1657 2346 1710 autem
2390 1649 2590 1711 omnia
2633 1660 2698 1713 125

435 1736 764 1797 metiuntur
807 1735 1226 1797 emolumentis
1265 1743 1326 1796 et
1366 1734 1693 1796 commodis
1733 1753 1929 1813 neque
1958 1754 2026 1796 ea
2053 1735 2589 1815 volunt-praepon-

434 1920 577 1972 nicht
625 1936 682 1972 so
730 1919 889 1971 leicht
922 1934 1014 1972 aus
1049 1921 1133 1970 his
1168 1920 1245 1972 als
1278 1934 1458 1986 umge-

360 1994 367 2002 ’
432 1989 584 2041 kehrt
620 1988 906 2041 entstehen.
957 1987 1237 2040 Ueberdies
1268 1988 1339 2041 ist
1374 1988 1458 2040 die

433 2055 762 2123 Erwahnung
786 2056 878 2109 des
901 2054 1147 2108 Griechen
1178 2061 1329 2108 unter
1350 2056 1460 2108 lau-

435 2132 513 2177 ter
535 2124 756 2177 Romern
778 2123 1126 2189 befremdend,
1162 2123 1330 2175 zumal
1356 2123 1459 2176 Cic.

324 2207 325 2210 ’
433 2209 520 2246 um
556 2191 809 2244 romische
832 2190 1089 2259 Beispiele
1125 2191 1207 2244 fiir
1234 2191 1315 2243 die
1351 2192 1458 2243 ein-

433 2261 613 2314 zelnen
636 2257 919 2326 Tugenden
942 2260 1086 2312 nicht
1109 2260 1161 2312 in
1179 2258 1460 2327 Verlegen-

430 2330 540 2382 heit
573 2329 683 2382 sein
720 2328 929 2381 konnte.
980 2329 1128 2381 Aueh
1163 2329 1245 2382 (lie
1269 2328 1456 2397 Singu-

431 2399 537 2450 lare
582 2400 760 2449 iustus
792 2399 1106 2449 nominatur
1154 2396 1261 2449 und
1305 2414 1338 2449 a
1371 2414 1457 2449 sa—

429 2470 609 2535 piente
632 2466 825 2518 weisen
850 2465 1032 2518 darauf
1062 2466 1167 2531 hin,
1203 2465 1323 2519 dass
1359 2471 1457 2518 aut

429 2536 700 2588 Aristides
733 2534 1022 2602 interpolirt
1056 2535 1141 2587 ist.
1191 2559 1195 2562 >

499 2623 545 2674 3.
583 2637 682 2672 nec
715 2623 759 2671 ii
785 2623 881 2687 qui
910 2623 1177 2686 sapientes
1212 2624 1310 2672 cet.
1357 2619 1450 2671 Die

430 2687 637 2741 Stoiker
671 2692 901 2740 wussten
938 2689 1128 2741 ebenso
1166 2688 1338 2755 wenig
1373 2688 1451 2740 als

430 2758 531 2810 Cic.
578 2756 882 2809 historische
929 2755 1186 2823 Beispiele
1240 2757 1321 2808 fiir
1370 2757 1451 2808 ihr

424 2824 565 2943 ἒίεῗΙ
596 2826 739 2960 {ines
764 2823 971 2877 Weisen
1009 2823 1340 2877 anzufiihren.
1396 2823 1449 2877 S.

469 2893 522 2943 in
545 2933 558 2946 .
670 2895 746 2945 19.

497 2980 545 3029 4.
586 2976 711 3028 Cato
737 2975 841 3029 und
863 2976 1082 3027 Laelius
1117 2976 1320 3029 ffihrten
1353 2975 1452 3027 den

426 3044 704 3097 Beinamen
724 3048 952 3111 'sapiens
985 3045 1055 3095 im
1091 3043 1454 3096 altromisehen

431 3111 581 3165 Sinn:
607 3112 714 3164 ‘der
732 3112 1053 3178 Besonnene,
1073 3110 1451 3180 Verstiindige'3

428 3182 491 3234 de
517 3190 612 3235 am.
638 3183 687 3247 2,
713 3186 742 3235 6
764 3182 797 3234 f.
844 3180 1118 3234 Trotzdem
1144 3181 1265 3233 aber
1288 3181 1452 3248 pflegt

428 3250 530 3304 Cic.
576 3250 726 3302 beide
778 3249 921 3302 mehr
973 3250 1051 3302 als
1101 3248 1448 3316 Philosophen

427 3318 798 3383 darzustellen,
846 3318 923 3371 als
966 3318 1041 3371 sie
1085 3318 1138 3370 in
1174 3317 1449 3371 Wirklich-

424 3387 537 3438 keit
571 3402 758 3440 waren.

495 3475 542 3524 5.
577 3470 662 3523 illi
692 3477 917 3538 septem:
952 3471 1322 3537 Naehahmung
1357 3470 1448 3522 des

426 3539 785 3605 Griechisehen
829 3537 886 3591 οἱ
918 3533 1057 3592 ἑπτά
1103 3539 1185 3591 fiir
1219 3537 1275 3591 οἱ
1306 3534 1448 3590 ἑπτὰ

424 3623 489 3660 σο
533 3612 600 3659 σί.

491 3627 792 3728 Ξιεάίοηιηι
838 3674 1149 3739 officiorum
1197 3673 1450 3740 frequen·

427 3747 520 3809 tia,
546 3743 838 3811 Besolgung
863 3743 1177 3797 zahlreicher
1200 3742 1449 3795 mittierer

425 3811 704 3877 Pfliehten:
749 3813 957 3864 mediae
989 3815 1216 3864 virtutes
1251 3810 1445 3864 konnte

423 3878 528 3950 βὶο.
565 3880 707 3932 nicht
741 3895 914 3947 sagen.
971 3879 1024 3934 S.
1063 3880 1211 3937 oben.

495 3967 540 4016 6.
556 3962 832 4030 Quocirca,
846 3964 893 4017 d.
903 3964 954 4018 h.
965 3963 1030 4017 da
1044 3964 1154 4018 also
1165 3964 1255 4016 cler
1263 3963 1445 4017 Unter-

1559 1919 1737 1972 eehied
1751 1918 2011 1971 zwischen
2024 1918 2124 1972 den
2137 1919 2466 1973 vollendeten
2479 1921 2583 1973 und

1558 1987 1815 2042 mittleren
1850 1987 2103 2041 Pfliehten
2143 1988 2226 2040 ein
2262 1988 2465 2044 solcher
2497 1989 2582 2042 ist.

1558 2055 1776 2108 Freilich
1823 2056 1892 2107 ist
1928 2055 2010 2108 die
2045 2055 2371 2124 Darstellung
2415 2057 2581 2114 dieses
2663 2099 2670 2106 .

1558 2121 1953 2176 Untersehiedes
1969 2122 2112 2176 nicht
2124 2140 2183 2176 so
2199 2126 2447 2191 gegeben,
2463 2125 2581 2177 dass

1559 2190 1641 2243 (lie
1671 2191 1853 2244 daraus
1880 2206 2142 2259 gezogene
2162 2192 2453 2259 Folgerung
2470 2191 2583 2245 klar

1560 2258 1741 2312 daraus
1771 2260 2096 2328 hervorgeht.
2134 2260 2235 2314 Cic.
2255 2262 2417 2314 meint
2442 2262 2579 2329 aber,

1555 2327 1641 2381 die
1687 2328 1873 2381 beiden
1923 2329 2140 2382 Klassen
2194 2329 2283 2382 der
2326 2330 2579 2383 Pflichten

1556 2397 1949 2450 unterscheiden
1986 2398 2095 2450 sich
2130 2414 2225 2451 nur
2257 2398 2371 2450 dem
2396 2398 2577 2461 Grade,

1555 2464 1699 2517 nieht
1743 2464 1832 2518 der
1865 2465 1960 2518 Art
2003 2467 2164 2530 nach,
2212 2466 2393 2519 sodass
2436 2467 2579 2519 nicht

1556 2532 1638 2584 die
1693 2533 1951 2587 mittleren
2008 2533 2258 2586 Pflichten
2317 2540 2576 2602 gestatten

1554 2599 1787 2667 konnen,
1839 2616 1949 2655 was
1985 2601 2067 2654 die
2102 2602 2429 2655 vollendeten
2464 2618 2577 2656 ver-

1552 2669 1744 2735 bieten‚
1781 2675 1928 2722 sonst
1949 2673 2089 2723 ware
2120 2671 2202 2722 ein
2227 2670 2577 2724 allmahlicher

1527 2736 1861 2805 'Uebergang
1907 2754 2011 2791 von
2060 2738 2174 2790 dem
2211 2739 2434 2792 Zustand
2484 2739 2574 2793 des

1554 2804 2044 2873 Vorgeschrittenen
2064 2823 2127 2859 zu
2140 2807 2231 2859 der
2246 2807 2575 2861 vollendeten

1555 2872 1808 2927 Weisheit
1828 2874 2139 2942 unmoglich.
2175 2874 2295 2928 Dies
2311 2876 2470 2929 letzte
2482 2875 2576 2928 Ar·-

1554 2948 1766 3008 gument
1812 2942 1946 3009 solgt
1991 2943 2085 2995 mit
2127 2944 2290 2995 aliter
2322 2947 2467 2995 enim
2502 2950 2576 2997 to-

1553 3014 1676 3061 neri
1710 3015 1807 3063 eet.
1844 3011 1990 3064 nach.

1624 3082 1671 3132 7.
1715 3079 1977 3130 utilitatis
2008 3083 2405 3146 repugnantia:
2450 3079 2499 3133 d.
2537 3082 2571 3134 i.

1556 3162 1676 3197 cum
1708 3147 1972 3212 utilitate,
2021 3164 2158 3213 quae
2190 3150 2457 3199 honestati
2488 3165 2575 3199 n—

1546 3220 1782 3280 pugnat,
1829 3215 1850 3266 1
1885 3216 1914 3281 ξ
1959 3218 2051 3268 122
2098 3216 2332 3267 ineuntis
2376 3221 2571 3268 aetatis

1547 3285 1766 3335 inscitia
1794 3284 2166 3336 constituenda
2193 3289 2284 3336 est.

1624 3354 1703 3406 11.
1762 3355 1823 3403 in
1863 3356 2108 3403 nostram
2150 3353 2571 3419 intellegentiam

1549 3419 1713 3473 eadit.
1756 3419 1901 3472 Aueh
1928 3419 2096 3472 dieser
2117 3420 2388 3474 Ausdruek
2411 3421 2570 3488 hangt

1550 3487 1709 3540 damit
1742 3503 2052 3554 zusammen,
2094 3488 2213 3541 dass
2243 3489 2331 3541 die
2367 3488 2570 3542 Stoiker

1550 3555 1633 3608 die
1679 3555 1896 3623 Tugend
1942 3556 2019 3608 als
2054 3555 2259 3609 Wissen
2308 3557 2566 3610 definiren.

1547 3623 1641 3676 Die
1673 3622 1909 3691 Tugend,
1945 3624 2143 3678 welche
2179 3625 2275 3676 wir
2309 3625 2569 3692 begreifen

1547 3691 1780 3758 konnen,
1825 3697 2104 3760 vermogen
2148 3692 2244 3745 wir
2289 3695 2421 3747 aueh
2457 3709 2571 3747 aus-

1546 3759 1810 3812 autulii-en.

1620 3831 1698 3883 13.
1737 3832 1924 3894 teum,
1957 3828 2320 3896 innegehalten
2344 3830 2568 3896 werden,

1547 3897 1648 3949 wie
1682 3901 1803 3962 iter,
1840 3913 2070 3961 cursum,
2102 3895 2297 3963 fugam
2332 3903 2528 3951 tenero.

1618 3966 1697 4019 16.
1724 3966 2189 4032 praeponderari.-
2225 3965 2258 4033 ξ
2303 3969 2379 4021 11.
