2813 4537
828 277 912 331 DE
950 277 1212 332 OFFICHS
1249 277 1480 334 L1B.1n.
1553 279 1695 333 GAP.
1733 282 1868 337 8.9.
2316 277 2437 340 197

279 448 657 511 acerbissima
698 458 805 525 est,
849 469 975 512 non
1013 450 1231 511 vident.
1291 450 1483 522 Quam
1527 451 1604 511 ob
1648 468 1775 512 rem
1810 451 1924 513 hoc
1955 452 2194 530 quidem
2222 453 2443 515 delibe-
2485 465 2545 552 37

279 534 542 597 rantium
584 552 777 617 genus
815 535 1069 615 pellatur
1111 555 1142 596 e
1184 536 1378 596 medio
1411 570 1495 580 -
1526 544 1616 598 est
1658 536 1817 596 enim
1858 544 2050 598 totum
2087 538 2440 600 sceleratum
2518 570 2527 584 =

281 629 342 681 et
360 619 614 699 impium
635 655 736 696 —-‚
763 621 865 700 qui
893 619 1225 682 deliberant
1251 629 1454 682 utrum
1484 621 1543 683 id
1572 629 1918 701 sequantur,
1942 624 2102 701 quod
2122 624 2442 686 honestum

283 724 411 767 esse
451 705 706 782 videant,
749 724 826 768 an
871 725 935 767 se
977 706 1236 768 scientes
1278 707 1502 769 scelere
1537 707 1981 769 contaminent:
2025 708 2088 769 in
2121 708 2249 789 ipsa
2278 711 2441 772 enim

200 799 236 852 5
282 789 650 856 dubitatione
672 753 905 853 facinus
927 791 1101 867 inest,
1133 791 1308 853 etiam
1331 792 1382 854 si
1403 793 1475 853 ad
1499 792 1559 854 id
1580 811 1705 853 non
1728 792 2128 872 pervenerint.
2182 793 2340 874 Ergo
2373 814 2442 856 ea

284 876 661 937 deliberanda
675 877 924 938 omnino
947 895 1072 938 non
1096 885 1255 952 sunt,
1279 877 1342 939 in
1366 877 1583 957 quibus
1606 885 1697 939 est
1716 878 1944 958 turpis
1928 897 2056 957 ipsa
2078 878 2443 941 deliberatio.

455 961 648 1041 Atque
673 962 850 1024 etiam
873 981 947 1023 ex
970 962 1135 1023 omni
1156 961 1583 1025 deliberatione
1606 963 1835 1025 celandi
1858 971 1917 1024 et
1940 963 2279 1025 occultandi
2308 983 2445 1044 spes

284 1046 611 1126 opinioque
653 1048 1010 1109 removenda
1056 1055 1144 1109 est
1157 1067 1175 1124 ;
1215 1047 1357 1109 satis
1402 1048 1561 1109 enim
1604 1047 1796 1124 nobiS,
1837 1049 1888 1110 si
1927 1049 2106 1111 modo
2147 1048 2211 1110 in
2249 1050 2444 1129 philo-

284 1132 494 1212 sophia
533 1132 754 1212 aliquid
793 1133 1175 1212 profecimus,
1220 1151 1571 1212 persuasum
1599 1152 1729 1196 esse
1760 1131 1953 1210 debet,
1983 1134 2033 1196 si
2064 1152 2274 1196 omnes
2303 1135 2447 1196 deos

175 1225 237 1279 1⁰
280 1218 675 1297 hominesque
697 1218 890 1279 celare
911 1218 1226 1297 possimus,
1255 1218 1408 1280 nihil
1433 1225 1633 1280 tamen
1656 1237 1824 1279 avare
1848 1219 1998 1280 nihil
2026 1219 2266 1295 iniuste,
2298 1219 2449 1281 nihil

282 1303 596 1365 libidinose
618 1303 767 1365 nihil
787 1304 1236 1366 incontinenter
1257 1322 1386 1366 esse
1408 1303 1764 1365 faciendum.
1817 1303 1972 1364 Hinc
2002 1304 2100 1365 ille
2123 1304 2317 1386 Gyges
2345 1305 2438 1368 in·
2473 1304 2513 1361 9

284 1388 521 1450 ducitur
550 1408 584 1450 a
615 1389 881 1465 Platone,
925 1390 1044 1470 qui,
1079 1408 1216 1451 cum
1247 1397 1405 1452 terra
1436 1388 1801 1451 discessisset
1830 1388 2061 1470 magnis
2094 1389 2444 1468 quibusdam
2488 1388 2547 1451 38

284 1473 591 1550 imbribus,
622 1474 929 1537 descendit
949 1474 1012 1539 in
1037 1475 1202 1537 illum
1225 1475 1453 1537 hiatum
1475 1485 1847 1553 aeneumque
1878 1492 2116 1554 equum,
2148 1482 2215 1535 ut
2244 1474 2446 1538 ferunt

286 1558 536 1635 fabulae,
559 1560 987 1636 animadvertit,
1012 1560 1182 1622 cuius
1203 1560 1265 1622 in
1289 1560 1574 1622 lateribus
1596 1560 1756 1622 fores
1777 1568 2009 1621 essent:
2034 1559 2250 1640 quibus
2272 1578 2446 1642 aper-

178 1653 239 1707 15
281 1645 359 1706 tis
401 1663 622 1725 corpus
665 1645 925 1707 hominis
969 1645 1190 1706 mortui
1230 1645 1373 1706 vidit
1405 1644 1815 1725 magnitudine
1846 1644 2138 1706 invisitata
2170 1646 2446 1707 anulum-

287 1749 403 1810 que
426 1749 676 1791 aureum
698 1730 761 1791 in
786 1730 990 1809 digito,
1023 1748 1201 1808 quem
1222 1738 1290 1791 ut
1317 1729 1588 1803 detraxit,
1618 1729 1745 1809 ipse
1776 1728 1970 1790 induit
1989 1764 2075 1775 —-
2098 1738 2223 1790 erat
2251 1737 2447 1791 autem

284 1816 486 1896 regius
535 1822 740 1895 pastor
780 1849 866 1859 -—
888 1862 905 1891 ,
935 1822 1060 1876 tum
1115 1815 1178 1877 in
1230 1814 1552 1876 concilium
1594 1833 1660 1875 se
1697 1821 2005 1894 pastorum
2046 1815 2288 1893 recepit.
2359 1814 2449 1875 lbi

287 1918 425 1961 cum
467 1899 661 1979 palam
703 1900 832 1962 eius
864 1899 1028 1962 anuli
1057 1901 1129 1961 ad
1158 1900 1415 1980 palmam
1444 1906 1835 1975 converterat,
1865 1917 1897 1959 a
1928 1899 2092 1960 nullo
2122 1899 2447 1975 videbatur,

287 1986 415 2065 ipse
445 1993 644 2047 autem
675 1986 874 2048 omnia
902 1985 1162 2048 videbat:
1209 1985 1366 2047 idem
1395 2003 1604 2047 rursus
1632 1983 1956 2061 videbatur,
1988 2002 2125 2046 cum
2155 1984 2218 2045 in
2247 1985 2448 2046 locum

180 2081 241 2132 2ο
283 2070 529 2133 a‘nulum
574 2072 913 2133 inverterat.
972 2071 1179 2152 Itaque
1219 2072 1329 2133 hac
1360 2070 1811 2151 opportunitate
1841 2069 2006 2132 anuli
2035 2089 2179 2132 usus
2207 2070 2449 2150 reginae

287 2165 562 2236 stuprum
604 2157 805 2219 intulit
846 2176 1034 2238 eaque
1062 2157 1349 2220 adiutrice
1378 2174 1579 2237 regem
1610 2156 1921 2218 dominum
1950 2155 2271 2231 interemit,
2317 2174 2449 2217 sus-

287 2241 427 2304 tulit
470 2261 622 2322 quos
651 2243 886 2306 obstare
916 2243 1329 2319 arbitrabatur,
1362 2261 1477 2305 nec
1508 2242 1569 2305 in
1602 2241 1694 2303 his
1724 2259 1861 2303 eum
1890 2240 2258 2304 facinoribus
2288 2240 2450 2321 quis-

291 2346 468 2408 quam
511 2328 706 2408 potuit
746 2328 963 2389 videre.
1024 2328 1123 2390 Sic
1160 2336 1413 2409 repente
1441 2327 1605 2389 anuli
1633 2327 1923 2389 beneflcio
1954 2345 2059 2387 rex
2091 2334 2335 2388 exortus
2363 2333 2452 2387 est

289 2412 525 2495 Lydiae.
585 2413 761 2474 Hunc
785 2413 965 2493 igitur
987 2413 1185 2495 ipsum
1215 2413 1461 2474 anulum
1491 2412 1541 2473 si
1570 2412 1783 2475 habeat
1811 2412 2067 2490 sapiens,
2101 2411 2285 2473 nihilo
2316 2411 2451 2490 plus

291 2596 333 2664 ἃ
367 2599 478 2650 102.
549 2596 748 2650 Seneca
798 2611 878 2664 ep.
923 2597 1008 2661 87,
1043 2598 1112 2649 24
1165 2599 1322 2662 atqui
1423 2594 1573 2647 Hdss.
1611 2592 1926 2646 schwanken
1966 2593 2229 2647 zwischen
2262 2596 2450 2645 invisi-

289 2668 592 2717 maoeimum
625 2666 884 2718 scelerum
908 2636 1234 2732 supplicium
1262 2668 1321 2715 ἰη

290 2751 311 2784 z
349 2737 425 2785 eie
458 2738 550 2786 est.

302 2737 348 2801 p
384 2805 428 2854 1.
506 2803 607 2853 Ιιοο
657 2816 834 2868 genus
892 2799 1322 2865 deliberantium,

1088 2884 1122 2920 n
1216 2868 1320 2935 vgl.

291 2936 618 3005 Nigelsbach
652 2937 685 3005 ἦ
723 2939 819 3001 29,
854 2940 906 2991 2.
985 2936 1079 2990 Die
1122 2883 1325 2989 {Vider-

290 3005 489 3072 holung
543 3010 639 3072 qui
687 3006 988 3057 deliberant
1034 3006 1106 3057 ist
1158 3004 1318 3058 durch

290 3074 374 3127 die
383 3073 697 3127 Pal-entheae
715 3074 900 3141 nothig
918 3074 1184 3141 gemacht3
1209 3073 1317 3141 vgl.

292 3142 328 3210 ς
365 3145 433 3194 20
471 3142 745 3195 licentiam
779 3143 891 3209 dat,
923 3146 1064 3194 ut-
1102 3142 1273 3193 liceat.

362 3215 429 3263 5.·
455 3210 529 3261 ad
560 3212 623 3262 id
654 3211 808 3265 naml.
836 3181 1058 3273 facinus
1080 3214 1319 3262 commit-

295 3277 528 3329 tendum.

366 3347 445 3398 11.
509 3343 632 3412 Gyg-
633 3361 712 3407 ee,
783 3344 872 3397 der
913 3344 1148 3413 lydiscloe
1190 3344 1318 3410 Birt,

292 3413 521 3466 welcher
554 3413 655 3465 den
686 3411 857 3479 Konig
879 3410 1171 3465 Kandaules
1207 3412 1322 3465 tod-

294 3486 419 3548 tete,
454 3481 567 3534 sich
589 3481 682 3533 des
703 3479 936 3533 Thrones
970 3480 1226 3533 bemfichti

292 3550 398 3602 und
451 3548 796 3603 Stammvater
850 3547 943 3601 der
992 3547 1284 3601 Men-mnae

293 3617 497 3678 wurde3
542 3616 729 3671 Herod.
764 3616 785 3669 1
818 3618 1003 3671 8-12.
1052 3614 1200 3669 Plato
1235 3616 1321 3681 (de

290 3692 349 3738 're
384 3701 435 3753 p.
471 3686 512 3738 n
546 3702 595 3754 p.
630 3688 754 3752 359)
788 3685 877 3738 hat
912 3683 995 3737 die
1030 3684 1322 3752 Erzfihlung

292 3754 349 3806 in
382 3753 611 3819 gleieher
622 3752 797 3807 Weise
825 3754 929 3805 wie
958 3752 1060 3806 Cic.
1092 3753 1204 3805 hier
1231 3752 1323 3805 be-

294 3825 457 3874 nutzt.

370 3893 446 3944 15.
466 3890 1151 3975 magnimineinviaeitatffi
1172 3885 1320 3940 Plato

292 3959 502 4026 μείζων
552 3977 586 4025 η
639 3976 746 4010 κατ’
828 3952 1160 4029 ἄνθρωπον.
1228 3954 1321 4009 Die

293 2869 435 2921 dicae
461 2868 636 2921 Weise
659 2868 762 2921 der
795 2868 1084 2950 Ueberlegu

1426 2668 1539 2714 tata
1573 2660 1679 2714 und
1714 2665 1999 2713 inusitata.

1500 2733 1575 2783 17.
1611 2733 1673 2781 in
1711 2730 1999 2782 concilium
2018 2746 2076 2798 p.
2114 2728 2351 2781 Gemeint
2365 2728 2452 2795 ist,

1424 2798 1528 2851 wie
1562 2813 1681 2851 man
1717 2812 1809 2851 aus
1844 2796 1995 2850 Plato
2030 2797 2182 2862 sieht,
2221 2796 2304 2850 die
2328 2769 2455 2849 ver3

1426 2867 1742 2934 sammlung,
1789 2866 1843 2918 in
1878 2866 1969 2918 der
2002 2865 2086 2918 die
2122 2864 2298 2918 Hirten
2333 2864 2451 2918 dem

1425 2934 1596 3002 Konig
1629 2933 1838 2987 Bericht
1871 2936 2198 2988 abzustatten
2232 2935 2428 2987 hatten.

1485 3005 1566 3055 ibi
1599 3018 1719 3055 cum
1749 3003 1935 3087 palam
1970 3008 2067 3056 cet.
2115 3001 2265 3055 Plato
2302 3006 2441 3068 sagt:

1420 3066 1746 3155 καθήμενον
1778 3059 1879 3124 οὖν
2027 3068 2062 3122 ὰ
2103 3070 2224 3122 τῶν
2263 3066 2449 3120 ἄλλων

1417 3136 1757 3260 ‘53:212
1777 3134 1979 3288 ἱφῑόᾪ
1951 3137 2219 3276 ῗηῖιῖἔῗ
2251 3132 2450 3256 im:

1423 3272 1497 3327 εἰς
1530 3272 1595 3327 τὸ
1629 3225 1888 3341 εἰξῐωντης
1920 3270 2106 3347 χ.ειρόσ

1497 3345 1574 3396 19.
1621 3346 1683 3395 in
1730 3344 1937 3408 locum,
1984 3357 2049 3394 an
2083 3340 2167 3393 die
2204 3340 2448 3409 gebel-ige

1423 3409 1611 3472 Stelle3
1649 3411 1750 3463 wie
1773 3409 1950 3478 haufig
1977 3411 2094 3462 loco
2118 3434 2189 3456 1—
2215 3426 2278 3462 an
2307 3409 2453 3461 reeh-

1424 3483 1505 3532 ter
1540 3477 1716 3532 Stelle

1493 3550 1575 3601 24.
1611 3550 1661 3598 si
1694 3548 1888 3598 habeat
1917 3549 2194 3628 sapiem-
2221 3558 2382 3611 quam
2404 3549 2457 3595 ei

1424 3631 1534 3667 mm
1562 3617 1793 3667 liaberet.
1828 3613 1928 3666 Der
1946 3629 2061 3667 eine
2083 3613 2190 3666 Fau
2207 3612 2453 3665 schliesst

1425 3682 1525 3735 den
1549 3682 1740 3736 andern
1764 3697 1857 3735 aus
1879 3682 1987 3735 und
2009 3681 2139 3734 wird
2163 3680 2341 3733 darum
2363 3680 2457 3734 der

1424 3750 1611 3804 zweite
1664 3751 1721 3803 in
1772 3749 1872 3803 den
1921 3746 2108 3804 Modus
2160 3747 2251 3802 des
2309 3749 2454 3802 nicht

1424 3818 1743 3871 Wirklichen
1791 3822 1992 3886 gesetzt
2005 3858 2020 3884 ,
2075 3816 2322 3870 wahl-end
2359 3816 2455 3869 der

1426 3887 1581 3940 andre
1617 3886 1694 3939 als
1718 3886 1943 3954 moglich
1965 3885 2189 3953 gedacht
2212 3885 2295 3938 ist.
2332 3884 2452 3937 Man

1424 3969 1568 4008 muas
1603 3955 1713 4007 sich
1751 3955 1861 4007 also
1896 3969 1960 4007 zu
2005 3957 2057 4005 n·
2086 3968 2199 4006 noa
2235 3954 2454 4004 haberet
