<?xml version="1.0" encoding="UTF-8"?>
<!DOCTYPE html PUBLIC "-//W3C//DTD XHTML 1.0 Transitional//EN"
    "http://www.w3.org/TR/xhtml1/DTD/xhtml1-transitional.dtd">
<html xmlns="http://www.w3.org/1999/xhtml" xml:lang="en" lang="en">
 <head>
  <title>
</title>
<meta http-equiv="Content-Type" content="text/html;charset=utf-8" />
  <meta name='ocr-system' content='tesseract 3.04.00' />
  <meta name='ocr-capabilities' content='ocr_page ocr_carea ocr_par ocr_line ocrx_word'/>
</head>
<body>
  <div class='ocr_page' id='page_1' title='image "./mtulliiciceroni01heingoog_0222.png"; bbox 0 0 2813 4537; ppageno 0'>
   <div class='ocr_carea' id='block_1_1' title="bbox 307 1296 366 1351">
    <p class='ocr_par' dir='ltr' id='par_1_1' title="bbox 307 1296 366 1351">
     <span class='ocr_line' id='line_1_1' title="bbox 307 1296 366 1351; baseline -0.051 0"><span class='ocrx_word' id='word_1_1' title='bbox 307 1296 366 1351; x_wconf 84' lang='lat'><strong>72</strong></span> 
     </span>
    </p>
   </div>
   <div class='ocr_carea' id='block_1_2' title="bbox 410 264 533 328">
    <p class='ocr_par' dir='ltr' id='par_1_2' title="bbox 410 264 533 328">
     <span class='ocr_line' id='line_1_2' title="bbox 410 264 533 328; baseline 0 -1"><span class='ocrx_word' id='word_1_2' title='bbox 410 264 533 328; x_wconf 84' lang='lat'><strong>216</strong></span> 
     </span>
    </p>
   </div>
   <div class='ocr_carea' id='block_1_3' title="bbox 1000 266 1653 323">
    <p class='ocr_par' dir='ltr' id='par_1_3' title="bbox 1000 266 1653 323">
     <span class='ocr_line' id='line_1_3' title="bbox 1000 266 1653 323; baseline 0.005 -3"><span class='ocrx_word' id='word_1_3' title='bbox 1000 267 1085 320; x_wconf 87' lang='lat' dir='ltr'><strong>DE</strong></span> <span class='ocrx_word' id='word_1_4' title='bbox 1123 266 1385 322; x_wconf 82' lang='lat' dir='ltr'><strong>OFFICIIS</strong></span> <span class='ocrx_word' id='word_1_5' title='bbox 1422 268 1539 322; x_wconf 78' lang='grc' dir='ltr'><strong>ΠΒ.</strong></span> <span class='ocrx_word' id='word_1_6' title='bbox 1577 267 1653 323; x_wconf 88' lang='lat'><strong>111.</strong></span> 
     </span>
    </p>
   </div>
   <div class='ocr_carea' id='block_1_4' title="bbox 1728 266 1977 322">
    <p class='ocr_par' dir='ltr' id='par_1_4' title="bbox 1728 266 1977 322">
     <span class='ocr_line' id='line_1_4' title="bbox 1728 266 1977 322; baseline 0.004 -1"><span class='ocrx_word' id='word_1_7' title='bbox 1728 266 1868 322; x_wconf 85' lang='lat' dir='ltr'><strong>CAP.</strong></span> <span class='ocrx_word' id='word_1_8' title='bbox 1900 271 1977 322; x_wconf 84' lang='lat'><strong>17.</strong></span> 
     </span>
    </p>
   </div>
   <div class='ocr_carea' id='block_1_5' title="bbox 297 441 2568 524">
    <p class='ocr_par' dir='ltr' id='par_1_5' title="bbox 297 441 2568 524">
     <span class='ocr_line' id='line_1_5' title="bbox 297 441 2568 524; baseline -0.002 -18"><span class='ocrx_word' id='word_1_9' title='bbox 297 445 311 459; x_wconf 70' lang='lat'><em>⁶</em></span> <span class='ocrx_word' id='word_1_10' title='bbox 405 443 654 506; x_wconf 83' lang='lat' dir='ltr'><strong>societas</strong></span> <span class='ocrx_word' id='word_1_11' title='bbox 684 442 1126 506; x_wconf 78' lang='lat' dir='ltr'>contineretur:</span> <span class='ocrx_word' id='word_1_12' title='bbox 1158 442 1221 503; x_wconf 92' lang='lat' dir='ltr'><strong>in</strong></span> <span class='ocrx_word' id='word_1_13' title='bbox 1253 442 1324 503; x_wconf 87' lang='lat' dir='ltr'><strong>iis</strong></span> <span class='ocrx_word' id='word_1_14' title='bbox 1352 442 1554 524; x_wconf 84' lang='lat' dir='ltr'><strong>magni</strong></span> <span class='ocrx_word' id='word_1_15' title='bbox 1584 460 1711 504; x_wconf 83' lang='lat' dir='ltr'><strong>esse</strong></span> <span class='ocrx_word' id='word_1_16' title='bbox 1741 441 1951 504; x_wconf 87' lang='lat' dir='ltr'><strong>iudicis</strong></span> <span class='ocrx_word' id='word_1_17' title='bbox 1980 447 2258 514; x_wconf 79' lang='lat' dir='ltr'><strong>statuere,</strong></span> <span class='ocrx_word' id='word_1_18' title='bbox 2289 458 2568 523; x_wconf 82' lang='lat' dir='ltr'><strong>praeser-</strong></span> 
     </span>
    </p>
   </div>
   <div class='ocr_carea' id='block_1_6' title="bbox 305 526 2639 1462">
    <p class='ocr_par' dir='ltr' id='par_1_6' title="bbox 305 526 2639 1376">
     <span class='ocr_line' id='line_1_6' title="bbox 403 526 2567 609; baseline -0.001 -19"><span class='ocrx_word' id='word_1_19' title='bbox 403 530 511 590; x_wconf 89' lang='lat' dir='ltr'><strong>tim</strong></span> <span class='ocrx_word' id='word_1_20' title='bbox 535 528 757 590; x_wconf 92' lang='lat' dir='ltr'><strong>cumin</strong></span> <span class='ocrx_word' id='word_1_21' title='bbox 781 529 1081 609; x_wconf 87' lang='lat' dir='ltr'><strong>plerisque</strong></span> <span class='ocrx_word' id='word_1_22' title='bbox 1112 535 1311 589; x_wconf 82' lang='lat' dir='ltr'><strong>essent</strong></span> <span class='ocrx_word' id='word_1_23' title='bbox 1340 527 1556 589; x_wconf 89' lang='lat' dir='ltr'><strong>iudicia</strong></span> <span class='ocrx_word' id='word_1_24' title='bbox 1585 526 1903 602; x_wconf 87' lang='lat' dir='ltr'><strong>contraria,</strong></span> <span class='ocrx_word' id='word_1_25' title='bbox 1935 526 2077 606; x_wconf 90' lang='lat' dir='ltr'><strong>quid</strong></span> <span class='ocrx_word' id='word_1_26' title='bbox 2106 544 2403 606; x_wconf 82' lang='lat' dir='ltr'><strong>quemque</strong></span> <span class='ocrx_word' id='word_1_27' title='bbox 2432 527 2567 589; x_wconf 88' lang='lat' dir='ltr'><strong>cui-</strong></span> 
     </span>
     <span class='ocr_line' id='line_1_7' title="bbox 305 612 2566 693; baseline 0.001 -22"><span class='ocrx_word' id='word_1_28' title='bbox 305 618 363 672; x_wconf 79' lang='grc'><strong>’11</strong></span> <span class='ocrx_word' id='word_1_29' title='bbox 409 633 525 693; x_wconf 90' lang='lat' dir='ltr'><strong>que</strong></span> <span class='ocrx_word' id='word_1_30' title='bbox 567 621 868 693; x_wconf 88' lang='lat' dir='ltr'><strong>praestare</strong></span> <span class='ocrx_word' id='word_1_31' title='bbox 899 620 1218 693; x_wconf 82' lang='lat' dir='ltr'><strong>oporteret.</strong></span> <span class='ocrx_word' id='word_1_32' title='bbox 1281 612 1573 684; x_wconf 80' lang='lat' dir='ltr'><strong>Quocirca</strong></span> <span class='ocrx_word' id='word_1_33' title='bbox 1604 612 1850 675; x_wconf 87' lang='lat' dir='ltr'><strong>astutiae</strong></span> <span class='ocrx_word' id='word_1_34' title='bbox 1880 612 2175 673; x_wconf 90' lang='lat' dir='ltr'><strong>tollendae</strong></span> <span class='ocrx_word' id='word_1_35' title='bbox 2203 619 2345 673; x_wconf 85' lang='lat' dir='ltr'><strong>sunt</strong></span> <span class='ocrx_word' id='word_1_36' title='bbox 2375 630 2566 692; x_wconf 85' lang='lat' dir='ltr'><strong>eaque</strong></span> 
     </span>
     <span class='ocr_line' id='line_1_8' title="bbox 406 698 2566 779; baseline -0.001 -19"><span class='ocrx_word' id='word_1_37' title='bbox 406 699 628 760; x_wconf 89' lang='lat' dir='ltr'><strong>malitia</strong></span> <span class='ocrx_word' id='word_1_38' title='bbox 646 744 661 772; x_wconf 95' lang='lat'><strong>,</strong></span> <span class='ocrx_word' id='word_1_39' title='bbox 713 717 863 779; x_wconf 89' lang='lat' dir='ltr'><strong>quae</strong></span> <span class='ocrx_word' id='word_1_40' title='bbox 905 700 1026 760; x_wconf 89' lang='lat' dir='ltr'><strong>volt</strong></span> <span class='ocrx_word' id='word_1_41' title='bbox 1068 699 1164 760; x_wconf 93' lang='lat' dir='ltr'><strong>illa</strong></span> <span class='ocrx_word' id='word_1_42' title='bbox 1213 698 1452 777; x_wconf 91' lang='lat' dir='ltr'><strong>quidem</strong></span> <span class='ocrx_word' id='word_1_43' title='bbox 1494 698 1679 759; x_wconf 87' lang='lat' dir='ltr'><strong>videri</strong></span> <span class='ocrx_word' id='word_1_44' title='bbox 1723 717 1785 759; x_wconf 89' lang='lat' dir='ltr'><strong>se</strong></span> <span class='ocrx_word' id='word_1_45' title='bbox 1833 716 1960 759; x_wconf 85' lang='lat' dir='ltr'><strong>esse</strong></span> <span class='ocrx_word' id='word_1_46' title='bbox 2003 698 2375 777; x_wconf 81' lang='lat' dir='ltr'><strong>prudentiam</strong></span> <span class='ocrx_word' id='word_1_47' title='bbox 2391 744 2420 771; x_wconf 64' lang='lat'><strong>,‚</strong></span> <span class='ocrx_word' id='word_1_48' title='bbox 2457 699 2566 758; x_wconf 84' lang='lat' dir='ltr'><strong>sed</strong></span> 
     </span>
     <span class='ocr_line' id='line_1_9' title="bbox 407 782 2639 865; baseline -0.001 -20"><span class='ocrx_word' id='word_1_49' title='bbox 407 784 571 846; x_wconf 86' lang='lat' dir='ltr'><strong>abest</strong></span> <span class='ocrx_word' id='word_1_50' title='bbox 612 783 684 844; x_wconf 89' lang='lat' dir='ltr'><strong>ab</strong></span> <span class='ocrx_word' id='word_1_51' title='bbox 732 803 799 845; x_wconf 89' lang='lat' dir='ltr'><strong>ea</strong></span> <span class='ocrx_word' id='word_1_52' title='bbox 842 784 1134 865; x_wconf 85' lang='lat' dir='ltr'><strong>distatque</strong></span> <span class='ocrx_word' id='word_1_53' title='bbox 1177 784 1518 864; x_wconf 90' lang='lat' dir='ltr'><strong>plurimum.</strong></span> <span class='ocrx_word' id='word_1_54' title='bbox 1580 783 1902 845; x_wconf 83' lang='lat' dir='ltr'><strong>Prudentia</strong></span> <span class='ocrx_word' id='word_1_55' title='bbox 1948 791 2038 845; x_wconf 87' lang='lat' dir='ltr'><strong>est</strong></span> <span class='ocrx_word' id='word_1_56' title='bbox 2078 782 2237 844; x_wconf 89' lang='lat' dir='ltr'><strong>enim</strong></span> <span class='ocrx_word' id='word_1_57' title='bbox 2279 782 2468 844; x_wconf 87' lang='lat' dir='ltr'><strong>locata</strong></span> <span class='ocrx_word' id='word_1_58' title='bbox 2497 783 2566 845; x_wconf 88' lang='lat' dir='ltr'><strong>in</strong></span> <span class='ocrx_word' id='word_1_59' title='bbox 2600 792 2639 842; x_wconf 80' lang='lat'>5</span> 
     </span>
     <span class='ocr_line' id='line_1_10' title="bbox 406 867 2564 947; baseline -0.002 -15"><span class='ocrx_word' id='word_1_60' title='bbox 406 870 623 932; x_wconf 90' lang='lat' dir='ltr'><strong>dilectu</strong></span> <span class='ocrx_word' id='word_1_61' title='bbox 646 869 945 932; x_wconf 89' lang='lat' dir='ltr'><strong>bonorum</strong></span> <span class='ocrx_word' id='word_1_62' title='bbox 972 877 1032 930; x_wconf 91' lang='lat' dir='ltr'><strong>et</strong></span> <span class='ocrx_word' id='word_1_63' title='bbox 1059 870 1369 944; x_wconf 89' lang='lat' dir='ltr'><strong>malorum,</strong></span> <span class='ocrx_word' id='word_1_64' title='bbox 1398 869 1636 944; x_wconf 91' lang='lat' dir='ltr'><strong>malitia,</strong></span> <span class='ocrx_word' id='word_1_65' title='bbox 1667 868 1715 930; x_wconf 89' lang='lat' dir='ltr'><strong>si</strong></span> <span class='ocrx_word' id='word_1_66' title='bbox 1748 868 1964 944; x_wconf 90' lang='lat' dir='ltr'><strong>omnia,</strong></span> <span class='ocrx_word' id='word_1_67' title='bbox 1995 886 2147 947; x_wconf 91' lang='lat' dir='ltr'><strong>quae</strong></span> <span class='ocrx_word' id='word_1_68' title='bbox 2175 867 2373 947; x_wconf 87' lang='lat' dir='ltr'><strong>turpia</strong></span> <span class='ocrx_word' id='word_1_69' title='bbox 2401 877 2564 942; x_wconf 86' lang='lat' dir='ltr'><strong>sunt,</strong></span> 
     </span>
     <span class='ocr_line' id='line_1_11' title="bbox 405 952 2567 1035; baseline -0.001 -19"><span class='ocrx_word' id='word_1_70' title='bbox 405 954 556 1016; x_wconf 89' lang='lat' dir='ltr'><strong>mala</strong></span> <span class='ocrx_word' id='word_1_71' title='bbox 602 963 761 1031; x_wconf 86' lang='lat' dir='ltr'><strong>sunt,</strong></span> <span class='ocrx_word' id='word_1_72' title='bbox 803 954 955 1016; x_wconf 89' lang='lat' dir='ltr'><strong>mala</strong></span> <span class='ocrx_word' id='word_1_73' title='bbox 997 955 1173 1017; x_wconf 84' lang='lat' dir='ltr'><strong>bonis</strong></span> <span class='ocrx_word' id='word_1_74' title='bbox 1211 954 1383 1035; x_wconf 94' lang='lat' dir='ltr'><strong>ponit</strong></span> <span class='ocrx_word' id='word_1_75' title='bbox 1427 962 1582 1015; x_wconf 88' lang='lat' dir='ltr'><strong>ante.</strong></span> <span class='ocrx_word' id='word_1_76' title='bbox 1655 954 1778 1015; x_wconf 91' lang='lat' dir='ltr'><strong>Nec</strong></span> <span class='ocrx_word' id='word_1_77' title='bbox 1819 972 1958 1015; x_wconf 90' lang='lat' dir='ltr'><strong>vero</strong></span> <span class='ocrx_word' id='word_1_78' title='bbox 1989 954 2051 1015; x_wconf 89' lang='lat' dir='ltr'><strong>in</strong></span> <span class='ocrx_word' id='word_1_79' title='bbox 2084 953 2340 1034; x_wconf 86' lang='lat' dir='ltr'><strong>praediis</strong></span> <span class='ocrx_word' id='word_1_80' title='bbox 2369 952 2567 1014; x_wconf 84' lang='lat' dir='ltr'><strong>solum</strong></span> 
     </span>
     <span class='ocr_line' id='line_1_12' title="bbox 407 1038 2565 1118; baseline -0.001 -17"><span class='ocrx_word' id='word_1_81' title='bbox 407 1041 499 1102; x_wconf 87' lang='lat' dir='ltr'><strong>ius</strong></span> <span class='ocrx_word' id='word_1_82' title='bbox 539 1038 707 1102; x_wconf 84' lang='lat' dir='ltr'><strong>civile</strong></span> <span class='ocrx_word' id='word_1_83' title='bbox 750 1040 993 1102; x_wconf 87' lang='lat' dir='ltr'><strong>ductum</strong></span> <span class='ocrx_word' id='word_1_84' title='bbox 1036 1059 1068 1101; x_wconf 88' lang='lat' dir='ltr'><strong>a</strong></span> <span class='ocrx_word' id='word_1_85' title='bbox 1111 1047 1323 1101; x_wconf 88' lang='lat' dir='ltr'><strong>natura</strong></span> <span class='ocrx_word' id='word_1_86' title='bbox 1367 1039 1649 1102; x_wconf 87' lang='lat' dir='ltr'><strong>malitiam</strong></span> <span class='ocrx_word' id='word_1_87' title='bbox 1693 1039 2081 1118; x_wconf 80' lang='lat' dir='ltr'><strong>fraudemque</strong></span> <span class='ocrx_word' id='word_1_88' title='bbox 2120 1038 2408 1113; x_wconf 84' lang='lat' dir='ltr'><strong>vindicat,</strong></span> <span class='ocrx_word' id='word_1_89' title='bbox 2460 1039 2565 1099; x_wconf 85' lang='lat' dir='ltr'><strong>sed</strong></span> 
     </span>
     <span class='ocr_line' id='line_1_13' title="bbox 408 1124 2569 1205; baseline -0 -19"><span class='ocrx_word' id='word_1_90' title='bbox 408 1125 583 1187; x_wconf 90' lang='lat' dir='ltr'><strong>etiam</strong></span> <span class='ocrx_word' id='word_1_91' title='bbox 626 1126 689 1186; x_wconf 91' lang='lat' dir='ltr'><strong>in</strong></span> <span class='ocrx_word' id='word_1_92' title='bbox 732 1125 1164 1205; x_wconf 84' lang='lat' dir='ltr'><strong>mancipiorum</strong></span> <span class='ocrx_word' id='word_1_93' title='bbox 1209 1126 1550 1187; x_wconf 89' lang='lat' dir='ltr'><strong>venditione</strong></span> <span class='ocrx_word' id='word_1_94' title='bbox 1590 1124 2110 1187; x_wconf 85' lang='lat' dir='ltr'><strong>venditoris-fraus</strong></span> <span class='ocrx_word' id='word_1_95' title='bbox 2138 1124 2334 1185; x_wconf 82' lang='lat' dir='ltr'><strong>omnis</strong></span> <span class='ocrx_word' id='word_1_96' title='bbox 2363 1124 2569 1185; x_wconf 84' lang='lat' dir='ltr'><strong>exclu-</strong></span> 
     </span>
     <span class='ocr_line' id='line_1_14' title="bbox 408 1209 2568 1289; baseline 0 -18"><span class='ocrx_word' id='word_1_97' title='bbox 408 1210 583 1271; x_wconf 89' lang='lat' dir='ltr'><strong>ditur.</strong></span> <span class='ocrx_word' id='word_1_98' title='bbox 659 1209 777 1281; x_wconf 86' lang='lat' dir='ltr'><strong>Qui</strong></span> <span class='ocrx_word' id='word_1_99' title='bbox 829 1211 987 1272; x_wconf 90' lang='lat' dir='ltr'><strong>enim</strong></span> <span class='ocrx_word' id='word_1_100' title='bbox 1029 1212 1181 1273; x_wconf 87' lang='lat' dir='ltr'><strong>scire</strong></span> <span class='ocrx_word' id='word_1_101' title='bbox 1226 1211 1432 1272; x_wconf 90' lang='lat' dir='ltr'><strong>debuit</strong></span> <span class='ocrx_word' id='word_1_102' title='bbox 1471 1211 1544 1271; x_wconf 92' lang='lat' dir='ltr'><strong>de</strong></span> <span class='ocrx_word' id='word_1_103' title='bbox 1585 1210 1834 1272; x_wconf 82' lang='lat' dir='ltr'><strong>sanitate</strong></span> <span class='ocrx_word' id='word_1_104' title='bbox 1853 1256 1869 1285; x_wconf 97' lang='lat'><strong>,</strong></span> <span class='ocrx_word' id='word_1_105' title='bbox 1922 1210 1994 1271; x_wconf 91' lang='lat' dir='ltr'><strong>de</strong></span> <span class='ocrx_word' id='word_1_106' title='bbox 2038 1209 2206 1289; x_wconf 82' lang='lat' dir='ltr'><strong>fuga,</strong></span> <span class='ocrx_word' id='word_1_107' title='bbox 2260 1209 2332 1270; x_wconf 92' lang='lat' dir='ltr'><strong>de</strong></span> <span class='ocrx_word' id='word_1_108' title='bbox 2374 1209 2568 1284; x_wconf 75' lang='lat' dir='ltr'><strong>furtiS,</strong></span> 
     </span>
     <span class='ocr_line' id='line_1_15' title="bbox 407 1294 2568 1376; baseline -0 -20"><span class='ocrx_word' id='word_1_109' title='bbox 407 1303 667 1376; x_wconf 84' lang='lat' dir='ltr'><strong>praestat</strong></span> <span class='ocrx_word' id='word_1_110' title='bbox 709 1295 902 1357; x_wconf 91' lang='lat' dir='ltr'><strong>edicto</strong></span> <span class='ocrx_word' id='word_1_111' title='bbox 945 1296 1237 1358; x_wconf 90' lang='lat' dir='ltr'><strong>aedilium.</strong></span> <span class='ocrx_word' id='word_1_112' title='bbox 1309 1295 1612 1358; x_wconf 89' lang='lat' dir='ltr'><strong>Heredum</strong></span> <span class='ocrx_word' id='word_1_113' title='bbox 1653 1296 1764 1357; x_wconf 89' lang='lat' dir='ltr'><strong>alia</strong></span> <span class='ocrx_word' id='word_1_114' title='bbox 1811 1313 1987 1356; x_wconf 81' lang='lat' dir='ltr'><strong>causa</strong></span> <span class='ocrx_word' id='word_1_115' title='bbox 2022 1301 2127 1356; x_wconf 82' lang='lat' dir='ltr'><strong>est.</strong></span> <span class='ocrx_word' id='word_1_116' title='bbox 2198 1294 2288 1355; x_wconf 86' lang='lat' dir='ltr'><strong>Ex</strong></span> <span class='ocrx_word' id='word_1_117' title='bbox 2319 1312 2438 1373; x_wconf 92' lang='lat' dir='ltr'><strong>quo</strong></span> <span class='ocrx_word' id='word_1_118' title='bbox 2469 1294 2568 1355; x_wconf 91' lang='lat' dir='ltr'><strong>in-</strong></span> 
     </span>
    </p>

    <p class='ocr_par' dir='ltr' id='par_1_7' title="bbox 408 1380 2566 1462">
     <span class='ocr_line' id='line_1_16' title="bbox 408 1380 2566 1462; baseline -0.001 -20"><span class='ocrx_word' id='word_1_119' title='bbox 408 1380 724 1462; x_wconf 83' lang='lat' dir='ltr'><strong>tellegitur,</strong></span> <span class='ocrx_word' id='word_1_120' title='bbox 771 1381 1052 1459; x_wconf 88' lang='lat' dir='ltr'><strong>quoniam</strong></span> <span class='ocrx_word' id='word_1_121' title='bbox 1083 1382 1229 1443; x_wconf 88' lang='lat' dir='ltr'><strong>iuris</strong></span> <span class='ocrx_word' id='word_1_122' title='bbox 1259 1389 1470 1443; x_wconf 78' lang='lat' dir='ltr'><strong>natura</strong></span> <span class='ocrx_word' id='word_1_123' title='bbox 1500 1382 1637 1443; x_wconf 85' lang='lat' dir='ltr'><strong>fons</strong></span> <span class='ocrx_word' id='word_1_124' title='bbox 1666 1381 1759 1455; x_wconf 89' lang='lat' dir='ltr'><strong>sit,</strong></span> <span class='ocrx_word' id='word_1_125' title='bbox 1789 1382 1905 1442; x_wconf 92' lang='lat' dir='ltr'><strong>hoc</strong></span> <span class='ocrx_word' id='word_1_126' title='bbox 1933 1381 2262 1442; x_wconf 88' lang='lat' dir='ltr'><strong>secundum</strong></span> <span class='ocrx_word' id='word_1_127' title='bbox 2291 1388 2566 1443; x_wconf 90' lang='lat' dir='ltr'><strong>naturam</strong></span> 
     </span>
    </p>
   </div>
   <div class='ocr_carea' id='block_1_7' title="bbox 408 1563 1484 1630">
    <p class='ocr_par' dir='ltr' id='par_1_8' title="bbox 408 1563 1484 1630">
     <span class='ocr_line' id='line_1_17' title="bbox 408 1563 1484 1630; baseline 0.002 -15"><span class='ocrx_word' id='word_1_128' title='bbox 408 1563 642 1630; x_wconf 80' lang='lat' dir='ltr'><strong>Vertrag,</strong></span> <span class='ocrx_word' id='word_1_129' title='bbox 682 1564 899 1617; x_wconf 85' lang='lat' dir='ltr'><strong>wonach</strong></span> <span class='ocrx_word' id='word_1_130' title='bbox 935 1564 1045 1617; x_wconf 87' lang='lat' dir='ltr'><strong>sich</strong></span> <span class='ocrx_word' id='word_1_131' title='bbox 1073 1564 1286 1630; x_wconf 84' lang='lat' dir='ltr'><strong>jemand</strong></span> <span class='ocrx_word' id='word_1_132' title='bbox 1321 1580 1436 1617; x_wconf 86' lang='lat' dir='ltr'><strong>ver·</strong></span> <span class='ocrx_word' id='word_1_133' title='bbox 1480 1577 1484 1581; x_wconf 85' lang='lat'><em>·</em></span> 
     </span>
    </p>
   </div>
   <div class='ocr_carea' id='block_1_8' title="bbox 406 1632 1440 3270">
    <p class='ocr_par' dir='ltr' id='par_1_9' title="bbox 406 1632 1434 1972">
     <span class='ocr_line' id='line_1_18' title="bbox 410 1632 1434 1699; baseline 0 -13"><span class='ocrx_word' id='word_1_134' title='bbox 410 1632 664 1699; x_wconf 85' lang='lat' dir='ltr'><strong>pssichtet,</strong></span> <span class='ocrx_word' id='word_1_135' title='bbox 700 1632 780 1685; x_wconf 78' lang='lat' dir='ltr'><strong>ffir</strong></span> <span class='ocrx_word' id='word_1_136' title='bbox 805 1633 954 1686; x_wconf 89' lang='lat' dir='ltr'><strong>einen</strong></span> <span class='ocrx_word' id='word_1_137' title='bbox 979 1633 1322 1686; x_wconf 82' lang='lat' dir='ltr'><strong>abwesenden</strong></span> <span class='ocrx_word' id='word_1_138' title='bbox 1351 1633 1434 1686; x_wconf 90' lang='lat' dir='ltr'><strong>ein</strong></span> 
     </span>
     <span class='ocr_line' id='line_1_19' title="bbox 409 1700 1431 1768; baseline 0 -14"><span class='ocrx_word' id='word_1_139' title='bbox 409 1700 654 1754; x_wconf 72' lang='lat' dir='ltr'><strong>Geschfift</strong></span> <span class='ocrx_word' id='word_1_140' title='bbox 678 1702 1051 1768; x_wconf 83' lang='lat' dir='ltr'><strong>unentgeltlich</strong></span> <span class='ocrx_word' id='word_1_141' title='bbox 1077 1718 1139 1754; x_wconf 88' lang='lat' dir='ltr'><strong>zu</strong></span> <span class='ocrx_word' id='word_1_142' title='bbox 1161 1702 1431 1767; x_wconf 79' lang='lat' dir='ltr'><strong>besorgen.</strong></span> 
     </span>
     <span class='ocr_line' id='line_1_20' title="bbox 407 1767 1434 1836; baseline 0.002 -17"><span class='ocrx_word' id='word_1_143' title='bbox 407 1767 499 1820; x_wconf 88' lang='lat' dir='ltr'><strong>Die</strong></span> <span class='ocrx_word' id='word_1_144' title='bbox 544 1767 942 1836; x_wconf 78' lang='lat' dir='ltr'><strong>Verurtheilung</strong></span> <span class='ocrx_word' id='word_1_145' title='bbox 994 1770 1046 1822; x_wconf 91' lang='lat' dir='ltr'><strong>in</strong></span> <span class='ocrx_word' id='word_1_146' title='bbox 1101 1770 1240 1821; x_wconf 88' lang='lat' dir='ltr'><strong>einer</strong></span> <span class='ocrx_word' id='word_1_147' title='bbox 1288 1773 1434 1821; x_wconf 82' lang='lat' dir='ltr'><strong>aetio</strong></span> 
     </span>
     <span class='ocr_line' id='line_1_21' title="bbox 406 1838 1433 1904; baseline 0.003 -17"><span class='ocrx_word' id='word_1_148' title='bbox 406 1838 654 1889; x_wconf 78' lang='lat' dir='ltr'><strong>mandati</strong></span> <span class='ocrx_word' id='word_1_149' title='bbox 692 1853 791 1904; x_wconf 80' lang='lat' dir='ltr'><strong>zog</strong></span> <span class='ocrx_word' id='word_1_150' title='bbox 826 1838 1018 1891; x_wconf 89' lang='lat' dir='ltr'><strong>ebenso</strong></span> <span class='ocrx_word' id='word_1_151' title='bbox 1053 1838 1265 1890; x_wconf 85' lang='lat' dir='ltr'><strong>Infamie</strong></span> <span class='ocrx_word' id='word_1_152' title='bbox 1302 1838 1433 1891; x_wconf 89' lang='lat' dir='ltr'><strong>nach</strong></span> 
     </span>
     <span class='ocr_line' id='line_1_22' title="bbox 409 1905 1431 1972; baseline 0.002 -14"><span class='ocrx_word' id='word_1_153' title='bbox 409 1905 520 1958; x_wconf 81' lang='lat' dir='ltr'><strong>sich</strong></span> <span class='ocrx_word' id='word_1_154' title='bbox 539 1905 639 1958; x_wconf 85' lang='lat' dir='ltr'><strong>wie</strong></span> <span class='ocrx_word' id='word_1_155' title='bbox 663 1906 716 1957; x_wconf 89' lang='lat' dir='ltr'><strong>in</strong></span> <span class='ocrx_word' id='word_1_156' title='bbox 736 1906 825 1958; x_wconf 88' lang='lat' dir='ltr'><strong>der</strong></span> <span class='ocrx_word' id='word_1_157' title='bbox 849 1909 991 1958; x_wconf 75' lang='lat' dir='ltr'><strong>aetio</strong></span> <span class='ocrx_word' id='word_1_158' title='bbox 1013 1906 1278 1971; x_wconf 78' lang='lat' dir='ltr'><strong>fiduciae‚·</strong></span> <span class='ocrx_word' id='word_1_159' title='bbox 1301 1909 1334 1972; x_wconf 61' lang='grc' dir='ltr'><strong>ἐ</strong></span> <span class='ocrx_word' id='word_1_160' title='bbox 1349 1909 1431 1962; x_wconf 85' lang='grc'><strong>61.</strong></span> 
     </span>
    </p>

    <p class='ocr_par' dir='ltr' id='par_1_10' title="bbox 409 1974 1440 2504">
     <span class='ocr_line' id='line_1_23' title="bbox 479 1974 1436 2041; baseline 0 -15"><span class='ocrx_word' id='word_1_161' title='bbox 479 1978 523 2028; x_wconf 88' lang='grc'><strong>1.</strong></span> <span class='ocrx_word' id='word_1_162' title='bbox 564 1978 753 2040; x_wconf 81' lang='lat' dir='ltr'><strong>magni</strong></span> <span class='ocrx_word' id='word_1_163' title='bbox 788 1991 893 2026; x_wconf 71' lang='lat' dir='ltr'><strong>esse</strong></span> <span class='ocrx_word' id='word_1_164' title='bbox 927 1975 1141 2041; x_wconf 75' lang='lat' dir='ltr'><strong>iudicis,</strong></span> <span class='ocrx_word' id='word_1_165' title='bbox 1170 1989 1227 2027; x_wconf 87' lang='lat' dir='ltr'><strong>es</strong></span> <span class='ocrx_word' id='word_1_166' title='bbox 1245 1974 1436 2041; x_wconf 76' lang='lat' dir='ltr'><strong>gehore</strong></span> 
     </span>
     <span class='ocr_line' id='line_1_24' title="bbox 410 2042 1438 2109; baseline 0 -15"><span class='ocrx_word' id='word_1_167' title='bbox 410 2042 492 2094; x_wconf 91' lang='lat' dir='ltr'><strong>ein</strong></span> <span class='ocrx_word' id='word_1_168' title='bbox 518 2042 774 2109; x_wconf 78' lang='lat' dir='ltr'><strong>tfichtiger</strong></span> <span class='ocrx_word' id='word_1_169' title='bbox 790 2042 998 2095; x_wconf 88' lang='lat' dir='ltr'><strong>Richter</strong></span> <span class='ocrx_word' id='word_1_170' title='bbox 1022 2043 1167 2097; x_wconf 85' lang='lat' dir='ltr'><strong>dazu.</strong></span> <span class='ocrx_word' id='word_1_171' title='bbox 1203 2042 1297 2095; x_wconf 88' lang='lat' dir='ltr'><strong>Die</strong></span> <span class='ocrx_word' id='word_1_172' title='bbox 1313 2043 1438 2094; x_wconf 82' lang='lat' dir='ltr'><strong>Ent-</strong></span> 
     </span>
     <span class='ocr_line' id='line_1_25' title="bbox 411 2110 1437 2177; baseline -0.001 -14"><span class='ocrx_word' id='word_1_173' title='bbox 411 2110 693 2177; x_wconf 78' lang='lat' dir='ltr'><strong>scheidung</strong></span> <span class='ocrx_word' id='word_1_174' title='bbox 726 2126 832 2162; x_wconf 88' lang='lat' dir='ltr'><strong>war</strong></span> <span class='ocrx_word' id='word_1_175' title='bbox 866 2110 952 2162; x_wconf 85' lang='lat' dir='ltr'><strong>bei</strong></span> <span class='ocrx_word' id='word_1_176' title='bbox 978 2110 1152 2163; x_wconf 89' lang='lat' dir='ltr'><strong>diesen</strong></span> <span class='ocrx_word' id='word_1_177' title='bbox 1190 2114 1437 2162; x_wconf 77' lang='lat' dir='ltr'><strong>arbitriis</strong></span> 
     </span>
     <span class='ocr_line' id='line_1_26' title="bbox 411 2177 1435 2245; baseline 0.003 -16"><span class='ocrx_word' id='word_1_178' title='bbox 411 2177 666 2231; x_wconf 72' lang='lat' dir='ltr'><strong>natfirlich</strong></span> <span class='ocrx_word' id='word_1_179' title='bbox 711 2178 1040 2245; x_wconf 81' lang='lat' dir='ltr'><strong>schwieriger</strong></span> <span class='ocrx_word' id='word_1_180' title='bbox 1087 2179 1163 2231; x_wconf 87' lang='lat' dir='ltr'><strong>als</strong></span> <span class='ocrx_word' id='word_1_181' title='bbox 1208 2178 1291 2231; x_wconf 88' lang='lat' dir='ltr'><strong>bei</strong></span> <span class='ocrx_word' id='word_1_182' title='bbox 1336 2178 1435 2232; x_wconf 91' lang='lat' dir='ltr'><strong>den</strong></span> 
     </span>
     <span class='ocr_line' id='line_1_27' title="bbox 409 2245 1440 2315; baseline 0.001 -17"><span class='ocrx_word' id='word_1_183' title='bbox 409 2245 694 2299; x_wconf 86' lang='lat' dir='ltr'><strong>Processen</strong></span> <span class='ocrx_word' id='word_1_184' title='bbox 710 2249 890 2299; x_wconf 75' lang='lat' dir='ltr'><strong>stricti</strong></span> <span class='ocrx_word' id='word_1_185' title='bbox 905 2250 1063 2315; x_wconf 74' lang='lat' dir='ltr'><strong>iuris,</strong></span> <span class='ocrx_word' id='word_1_186' title='bbox 1083 2263 1167 2301; x_wconf 86' lang='lat' dir='ltr'><strong>wo</strong></span> <span class='ocrx_word' id='word_1_187' title='bbox 1185 2247 1274 2300; x_wconf 88' lang='lat' dir='ltr'><strong>der</strong></span> <span class='ocrx_word' id='word_1_188' title='bbox 1285 2245 1440 2300; x_wconf 86' lang='lat' dir='ltr'><strong>Rich-</strong></span> 
     </span>
     <span class='ocr_line' id='line_1_28' title="bbox 413 2315 1436 2382; baseline 0.001 -15"><span class='ocrx_word' id='word_1_189' title='bbox 413 2319 490 2368; x_wconf 89' lang='lat' dir='ltr'><strong>ter</strong></span> <span class='ocrx_word' id='word_1_190' title='bbox 513 2331 608 2367; x_wconf 88' lang='lat' dir='ltr'><strong>nur</strong></span> <span class='ocrx_word' id='word_1_191' title='bbox 632 2331 695 2367; x_wconf 89' lang='lat' dir='ltr'><strong>zu</strong></span> <span class='ocrx_word' id='word_1_192' title='bbox 721 2315 1052 2368; x_wconf 81' lang='lat' dir='ltr'><strong>entseheiden</strong></span> <span class='ocrx_word' id='word_1_193' title='bbox 1071 2315 1233 2382; x_wconf 90' lang='lat' dir='ltr'><strong>hatte,</strong></span> <span class='ocrx_word' id='word_1_194' title='bbox 1259 2317 1326 2369; x_wconf 88' lang='lat' dir='ltr'><strong>ob</strong></span> <span class='ocrx_word' id='word_1_195' title='bbox 1352 2317 1436 2369; x_wconf 91' lang='lat' dir='ltr'><strong>ein</strong></span> 
     </span>
     <span class='ocr_line' id='line_1_29' title="bbox 409 2383 1437 2504; baseline 0.002 -69"><span class='ocrx_word' id='word_1_196' title='bbox 409 2383 731 2504; x_wconf 44' lang='lat' dir='ltr'><strong>besfiimmtes</strong></span> <span class='ocrx_word' id='word_1_197' title='bbox 756 2383 941 2437; x_wconf 85' lang='lat' dir='ltr'><strong>Gesetz</strong></span> <span class='ocrx_word' id='word_1_198' title='bbox 965 2384 1184 2437; x_wconf 85' lang='lat' dir='ltr'><strong>verletzt</strong></span> <span class='ocrx_word' id='word_1_199' title='bbox 1207 2385 1283 2437; x_wconf 88' lang='lat' dir='ltr'><strong>sei</strong></span> <span class='ocrx_word' id='word_1_200' title='bbox 1311 2385 1437 2437; x_wconf 89' lang='lat' dir='ltr'><strong>oder</strong></span> 
     </span>
     <span class='ocr_line' id='line_1_30' title="bbox 411 2451 568 2504; baseline 0 -1"><span class='ocrx_word' id='word_1_201' title='bbox 411 2451 494 2503; x_wconf 86' lang='lat' dir='ltr'><strong>nic</strong></span> <span class='ocrx_word' id='word_1_202' title='bbox 533 2456 568 2504; x_wconf 89' lang='lat' dir='ltr'><strong>t.</strong></span> 
     </span>
    </p>

    <p class='ocr_par' dir='ltr' id='par_1_11' title="bbox 410 2520 1440 2709">
     <span class='ocr_line' id='line_1_31' title="bbox 480 2520 1440 2588; baseline 0.001 -16"><span class='ocrx_word' id='word_1_203' title='bbox 480 2522 527 2573; x_wconf 86' lang='lat'><strong>2.</strong></span> <span class='ocrx_word' id='word_1_204' title='bbox 564 2521 773 2572; x_wconf 76' lang='lat' dir='ltr'><strong>iudicia</strong></span> <span class='ocrx_word' id='word_1_205' title='bbox 813 2526 1107 2585; x_wconf 70' lang='lat' dir='ltr'><strong>contraria,</strong></span> <span class='ocrx_word' id='word_1_206' title='bbox 1151 2520 1440 2588; x_wconf 81' lang='lat' dir='ltr'><strong>Gegenkla-</strong></span> 
     </span>
     <span class='ocr_line' id='line_1_32' title="bbox 410 2588 1439 2709; baseline 0.001 -69"><span class='ocrx_word' id='word_1_207' title='bbox 410 2603 511 2709; x_wconf 51' lang='lat' dir='ltr'><strong>{en</strong></span> <span class='ocrx_word' id='word_1_208' title='bbox 548 2604 640 2641; x_wconf 90' lang='lat' dir='ltr'><strong>aus</strong></span> <span class='ocrx_word' id='word_1_209' title='bbox 676 2589 1193 2657; x_wconf 75' lang='lat' dir='ltr'><strong>Gegenansprfichen‚</strong></span> <span class='ocrx_word' id='word_1_210' title='bbox 1228 2588 1311 2642; x_wconf 86' lang='lat' dir='ltr'><strong>die</strong></span> <span class='ocrx_word' id='word_1_211' title='bbox 1348 2589 1439 2641; x_wconf 89' lang='lat' dir='ltr'><strong>der</strong></span> 
     </span>
    </p>

    <p class='ocr_par' dir='ltr' id='par_1_12' title="bbox 410 2656 1439 3270">
     <span class='ocr_line' id='line_1_33' title="bbox 458 2656 1439 2724; baseline 0.001 -16"><span class='ocrx_word' id='word_1_212' title='bbox 458 2656 736 2724; x_wconf 81' lang='lat' dir='ltr'><strong>ngeklagte</strong></span> <span class='ocrx_word' id='word_1_213' title='bbox 762 2658 937 2715; x_wconf 84' lang='lat' dir='ltr'><strong>erhob.</strong></span> <span class='ocrx_word' id='word_1_214' title='bbox 986 2657 1138 2710; x_wconf 87' lang='lat' dir='ltr'><strong>Diese</strong></span> <span class='ocrx_word' id='word_1_215' title='bbox 1161 2656 1333 2710; x_wconf 86' lang='lat' dir='ltr'><strong>finden</strong></span> <span class='ocrx_word' id='word_1_216' title='bbox 1351 2657 1439 2709; x_wconf 86' lang='lat' dir='ltr'><strong>bei</strong></span> 
     </span>
     <span class='ocr_line' id='line_1_34' title="bbox 411 2724 1438 2791; baseline 0.002 -15"><span class='ocrx_word' id='word_1_217' title='bbox 411 2724 560 2791; x_wconf 81' lang='lat' dir='ltr'><strong>Kauf,</strong></span> <span class='ocrx_word' id='word_1_218' title='bbox 592 2724 822 2779; x_wconf 67' lang='lat' dir='ltr'><strong>Societat</strong></span> <span class='ocrx_word' id='word_1_219' title='bbox 844 2725 949 2778; x_wconf 91' lang='lat' dir='ltr'><strong>und</strong></span> <span class='ocrx_word' id='word_1_220' title='bbox 966 2724 1160 2780; x_wconf 87' lang='lat' dir='ltr'><strong>Miethe</strong></span> <span class='ocrx_word' id='word_1_221' title='bbox 1183 2724 1438 2778; x_wconf 80' lang='lat' dir='ltr'><strong>natiirlich</strong></span> 
     </span>
     <span class='ocr_line' id='line_1_35' title="bbox 411 2792 1436 2859; baseline 0.002 -14"><span class='ocrx_word' id='word_1_222' title='bbox 411 2792 628 2845; x_wconf 86' lang='lat' dir='ltr'><strong>zumeist</strong></span> <span class='ocrx_word' id='word_1_223' title='bbox 651 2797 794 2859; x_wconf 87' lang='lat' dir='ltr'><strong>statt‚</strong></span> <span class='ocrx_word' id='word_1_224' title='bbox 820 2793 1027 2846; x_wconf 75' lang='lat' dir='ltr'><strong>konnen</strong></span> <span class='ocrx_word' id='word_1_225' title='bbox 1050 2794 1173 2847; x_wconf 87' lang='lat' dir='ltr'><strong>aber</strong></span> <span class='ocrx_word' id='word_1_226' title='bbox 1196 2793 1327 2846; x_wconf 86' lang='lat' dir='ltr'><strong>auch</strong></span> <span class='ocrx_word' id='word_1_227' title='bbox 1349 2793 1436 2847; x_wconf 84' lang='lat' dir='ltr'><strong>bei</strong></span> 
     </span>
     <span class='ocr_line' id='line_1_36' title="bbox 411 2858 1437 2928; baseline 0.002 -16"><span class='ocrx_word' id='word_1_228' title='bbox 411 2858 580 2923; x_wconf 87' lang='lat' dir='ltr'><strong>Tutel,</strong></span> <span class='ocrx_word' id='word_1_229' title='bbox 604 2860 830 2927; x_wconf 85' lang='lat' dir='ltr'><strong>Mandat,</strong></span> <span class='ocrx_word' id='word_1_230' title='bbox 856 2861 1062 2914; x_wconf 86' lang='lat' dir='ltr'><strong>Fiducia</strong></span> <span class='ocrx_word' id='word_1_231' title='bbox 1084 2860 1437 2928; x_wconf 86' lang='lat' dir='ltr'><strong>vorkommen,</strong></span> 
     </span>
     <span class='ocr_line' id='line_1_37' title="bbox 410 2926 1438 2982; baseline 0.002 -3"><span class='ocrx_word' id='word_1_232' title='bbox 410 2926 640 2981; x_wconf 81' lang='lat' dir='ltr'><strong>insofern</strong></span> <span class='ocrx_word' id='word_1_233' title='bbox 686 2928 774 2981; x_wconf 91' lang='lat' dir='ltr'><strong>der</strong></span> <span class='ocrx_word' id='word_1_234' title='bbox 822 2929 1009 2982; x_wconf 83' lang='lat' dir='ltr'><strong>zweite</strong></span> <span class='ocrx_word' id='word_1_235' title='bbox 1046 2930 1358 2982; x_wconf 85' lang='lat' dir='ltr'><strong>Contrahent</strong></span> <span class='ocrx_word' id='word_1_236' title='bbox 1402 2946 1438 2981; x_wconf 86' lang='lat' dir='ltr'><strong>a</strong></span> 
     </span>
     <span class='ocr_line' id='line_1_38' title="bbox 413 2996 1439 3064; baseline 0.003 -16"><span class='ocrx_word' id='word_1_237' title='bbox 413 2999 688 3048; x_wconf 81' lang='lat' dir='ltr'><strong>contrario</strong></span> <span class='ocrx_word' id='word_1_238' title='bbox 717 2996 808 3049; x_wconf 78' lang='lat' dir='ltr'><strong>auf</strong></span> <span class='ocrx_word' id='word_1_239' title='bbox 826 2997 1071 3064; x_wconf 79' lang='lat' dir='ltr'><strong>Leistung</strong></span> <span class='ocrx_word' id='word_1_240' title='bbox 1093 2996 1307 3064; x_wconf 68' lang='lat' dir='ltr'><strong>zufallig</strong></span> <span class='ocrx_word' id='word_1_241' title='bbox 1329 2998 1439 3051; x_wconf 86' lang='lat' dir='ltr'><strong>ihm</strong></span> 
     </span>
     <span class='ocr_line' id='line_1_39' title="bbox 412 3065 1439 3132; baseline 0.003 -16"><span class='ocrx_word' id='word_1_242' title='bbox 412 3065 802 3117; x_wconf 84' lang='lat' dir='ltr'><strong>erwachsender</strong></span> <span class='ocrx_word' id='word_1_243' title='bbox 829 3065 1292 3132; x_wconf 76' lang='lat' dir='ltr'><strong>Gegenanspriiche</strong></span> <span class='ocrx_word' id='word_1_244' title='bbox 1326 3065 1439 3119; x_wconf 88' lang='lat' dir='ltr'><strong>kla-</strong></span> 
     </span>
     <span class='ocr_line' id='line_1_40' title="bbox 414 3132 1439 3200; baseline 0.003 -15"><span class='ocrx_word' id='word_1_245' title='bbox 414 3148 510 3200; x_wconf 81' lang='lat' dir='ltr'><strong>gen</strong></span> <span class='ocrx_word' id='word_1_246' title='bbox 531 3132 683 3187; x_wconf 88' lang='lat' dir='ltr'><strong>kann.</strong></span> <span class='ocrx_word' id='word_1_247' title='bbox 720 3132 819 3187; x_wconf 89' lang='lat' dir='ltr'><strong>Der</strong></span> <span class='ocrx_word' id='word_1_248' title='bbox 830 3133 1040 3187; x_wconf 85' lang='lat' dir='ltr'><strong>Richter</strong></span> <span class='ocrx_word' id='word_1_249' title='bbox 1055 3138 1250 3186; x_wconf 86' lang='lat' dir='ltr'><strong>musste</strong></span> <span class='ocrx_word' id='word_1_250' title='bbox 1267 3134 1321 3194; x_wconf 86' lang='lat' dir='ltr'><strong>in</strong></span> <span class='ocrx_word' id='word_1_251' title='bbox 1336 3134 1439 3188; x_wconf 84' lang='lat' dir='ltr'><strong>den</strong></span> 
     </span>
     <span class='ocr_line' id='line_1_41' title="bbox 412 3201 1438 3270; baseline 0.001 -15"><span class='ocrx_word' id='word_1_252' title='bbox 412 3203 656 3255; x_wconf 74' lang='lat' dir='ltr'><strong>arbitriis</strong></span> <span class='ocrx_word' id='word_1_253' title='bbox 692 3219 762 3254; x_wconf 73' lang='lat' dir='ltr'><strong>ex</strong></span> <span class='ocrx_word' id='word_1_254' title='bbox 798 3204 937 3254; x_wconf 81' lang='lat' dir='ltr'><strong>bona</strong></span> <span class='ocrx_word' id='word_1_255' title='bbox 970 3203 1079 3265; x_wconf 77' lang='lat' dir='ltr'><strong>fide</strong></span> <span class='ocrx_word' id='word_1_256' title='bbox 1113 3201 1212 3254; x_wconf 88' lang='lat' dir='ltr'><strong>alle</strong></span> <span class='ocrx_word' id='word_1_257' title='bbox 1237 3202 1438 3270; x_wconf 78' lang='lat' dir='ltr'><strong>Gegen-</strong></span> 
     </span>
    </p>
   </div>
   <div class='ocr_carea' id='block_1_9' title="bbox 370 3269 1438 3337">
    <p class='ocr_par' dir='ltr' id='par_1_13' title="bbox 370 3269 1438 3337">
     <span class='ocr_line' id='line_1_42' title="bbox 370 3269 1438 3337; baseline 0.001 -15"><span class='ocrx_word' id='word_1_258' title='bbox 370 3302 375 3308; x_wconf 91' lang='lat'><em>-</em></span> <span class='ocrx_word' id='word_1_259' title='bbox 412 3270 698 3337; x_wconf 82' lang='lat' dir='ltr'><strong>anspn’iche</strong></span> <span class='ocrx_word' id='word_1_260' title='bbox 743 3270 833 3323; x_wconf 86' lang='lat' dir='ltr'><strong>des</strong></span> <span class='ocrx_word' id='word_1_261' title='bbox 869 3269 1185 3337; x_wconf 78' lang='lat' dir='ltr'><strong>Verklagten</strong></span> <span class='ocrx_word' id='word_1_262' title='bbox 1234 3288 1303 3323; x_wconf 74' lang='lat' dir='ltr'><strong>ex</strong></span> <span class='ocrx_word' id='word_1_263' title='bbox 1351 3287 1438 3324; x_wconf 87' lang='lat' dir='ltr'><strong>ea-</strong></span> 
     </span>
    </p>
   </div>
   <div class='ocr_carea' id='block_1_10' title="bbox 323 3749 794 3814">
    <p class='ocr_par' dir='ltr' id='par_1_14' title="bbox 323 3749 794 3814">
     <span class='ocr_line' id='line_1_43' title="bbox 323 3749 794 3814; baseline 0 -13"><span class='ocrx_word' id='word_1_264' title='bbox 323 3764 333 3780; x_wconf 84' lang='lat'><strong><em>¹</em></strong></span> <span class='ocrx_word' id='word_1_265' title='bbox 410 3751 503 3801; x_wconf 81' lang='grc' dir='ltr'><strong>καὶ</strong></span> <span class='ocrx_word' id='word_1_266' title='bbox 546 3766 650 3814; x_wconf 79' lang='grc' dir='ltr'><strong>την</strong></span> <span class='ocrx_word' id='word_1_267' title='bbox 691 3749 794 3813; x_wconf 73' lang='grc' dir='ltr'><strong>μὲν</strong></span> 
     </span>
    </p>
   </div>
   <div class='ocr_carea' id='block_1_11' title="bbox 406 3338 1438 4014">
    <p class='ocr_par' dir='ltr' id='par_1_15' title="bbox 406 3338 1438 3597">
     <span class='ocr_line' id='line_1_44' title="bbox 413 3338 1438 3406; baseline 0.003 -17"><span class='ocrx_word' id='word_1_268' title='bbox 413 3338 530 3389; x_wconf 87' lang='lat' dir='ltr'><strong>dem</strong></span> <span class='ocrx_word' id='word_1_269' title='bbox 584 3355 745 3390; x_wconf 72' lang='lat' dir='ltr'><strong>eausa</strong></span> <span class='ocrx_word' id='word_1_270' title='bbox 798 3340 851 3391; x_wconf 90' lang='lat' dir='ltr'><strong>in</strong></span> <span class='ocrx_word' id='word_1_271' title='bbox 895 3338 1157 3405; x_wconf 78' lang='lat' dir='ltr'><strong>Anschlag</strong></span> <span class='ocrx_word' id='word_1_272' title='bbox 1204 3339 1438 3406; x_wconf 77' lang='lat' dir='ltr'><strong>bringeri,</strong></span> 
     </span>
     <span class='ocr_line' id='line_1_45' title="bbox 413 3406 1437 3472; baseline 0 -13"><span class='ocrx_word' id='word_1_273' title='bbox 413 3406 653 3472; x_wconf 79' lang='lat' dir='ltr'><strong>obgleich</strong></span> <span class='ocrx_word' id='word_1_274' title='bbox 688 3421 744 3459; x_wconf 89' lang='lat' dir='ltr'><strong>er</strong></span> <span class='ocrx_word' id='word_1_275' title='bbox 779 3407 936 3459; x_wconf 86' lang='lat' dir='ltr'><strong>durch</strong></span> <span class='ocrx_word' id='word_1_276' title='bbox 962 3407 1046 3460; x_wconf 92' lang='lat' dir='ltr'><strong>die</strong></span> <span class='ocrx_word' id='word_1_277' title='bbox 1069 3406 1269 3459; x_wconf 89' lang='lat' dir='ltr'><strong>Formel</strong></span> <span class='ocrx_word' id='word_1_278' title='bbox 1293 3407 1437 3460; x_wconf 88' lang='lat' dir='ltr'><strong>nicht</strong></span> 
     </span>
     <span class='ocr_line' id='line_1_46' title="bbox 411 3473 1436 3542; baseline 0.005 -15"><span class='ocrx_word' id='word_1_279' title='bbox 411 3473 540 3527; x_wconf 85' lang='lat' dir='ltr'><strong>dazu</strong></span> <span class='ocrx_word' id='word_1_280' title='bbox 578 3475 905 3542; x_wconf 78' lang='lat' dir='ltr'><strong>angewiesen</strong></span> <span class='ocrx_word' id='word_1_281' title='bbox 932 3491 1054 3531; x_wconf 84' lang='lat' dir='ltr'><strong>war.</strong></span> <span class='ocrx_word' id='word_1_282' title='bbox 1097 3475 1204 3529; x_wconf 88' lang='lat' dir='ltr'><strong>Gai.</strong></span> <span class='ocrx_word' id='word_1_283' title='bbox 1225 3475 1292 3527; x_wconf 83' lang='lat' dir='ltr'><strong>lv</strong></span> <span class='ocrx_word' id='word_1_284' title='bbox 1312 3479 1371 3529; x_wconf 88' lang='lat'><strong>61</strong></span> <span class='ocrx_word' id='word_1_285' title='bbox 1398 3475 1436 3532; x_wconf 80' lang='lat' dir='ltr'><strong>f.</strong></span> 
     </span>
     <span class='ocr_line' id='line_1_47' title="bbox 406 3541 908 3597; baseline 0 -2"><span class='ocrx_word' id='word_1_286' title='bbox 406 3543 529 3597; x_wconf 86' lang='lat' dir='ltr'><strong>Inst.</strong></span> <span class='ocrx_word' id='word_1_287' title='bbox 565 3542 687 3596; x_wconf 83' lang='lat' dir='ltr'><strong>lust.</strong></span> <span class='ocrx_word' id='word_1_288' title='bbox 725 3541 794 3594; x_wconf 90' lang='lat' dir='ltr'><strong>lV</strong></span> <span class='ocrx_word' id='word_1_289' title='bbox 831 3546 908 3596; x_wconf 90' lang='grc'><strong>30.</strong></span> 
     </span>
    </p>

    <p class='ocr_par' dir='ltr' id='par_1_16' title="bbox 479 3610 1340 3679">
     <span class='ocr_line' id='line_1_48' title="bbox 479 3610 1340 3679; baseline -0.002 -13"><span class='ocrx_word' id='word_1_290' title='bbox 479 3615 528 3666; x_wconf 90' lang='grc'><strong>4.</strong></span> <span class='ocrx_word' id='word_1_291' title='bbox 564 3612 661 3663; x_wconf 79' lang='lat' dir='ltr'><strong>illa</strong></span> <span class='ocrx_word' id='word_1_292' title='bbox 696 3612 940 3678; x_wconf 82' lang='lat' dir='ltr'><strong>quidem:</strong></span> <span class='ocrx_word' id='word_1_293' title='bbox 976 3627 1016 3664; x_wconf 84' lang='lat' dir='ltr'><strong>s.</strong></span> <span class='ocrx_word' id='word_1_294' title='bbox 1053 3627 1097 3664; x_wconf 84' lang='lat' dir='ltr'><strong>z.</strong></span> <span class='ocrx_word' id='word_1_295' title='bbox 1133 3610 1154 3662; x_wconf 90' lang='lat' dir='ltr'><strong>l</strong></span> <span class='ocrx_word' id='word_1_296' title='bbox 1189 3611 1222 3679; x_wconf 67' lang='lat'><strong>5</strong></span> <span class='ocrx_word' id='word_1_297' title='bbox 1258 3613 1340 3664; x_wconf 85' lang='grc'><strong>66.</strong></span> 
     </span>
    </p>

    <p class='ocr_par' dir='ltr' id='par_1_17' title="bbox 410 3678 1436 4014">
     <span class='ocr_line' id='line_1_49' title="bbox 474 3678 1433 3766; baseline 0.002 -34"><span class='ocrx_word' id='word_1_298' title='bbox 474 3680 800 3761; x_wconf 49' lang='lat' dir='ltr'><strong>prudentia:</strong></span> <span class='ocrx_word' id='word_1_299' title='bbox 850 3678 997 3760; x_wconf 74' lang='lat' dir='ltr'><strong>Diqg.</strong></span> <span class='ocrx_word' id='word_1_300' title='bbox 1043 3680 1205 3735; x_wconf 87' lang='lat' dir='ltr'><strong>Laert.</strong></span> <span class='ocrx_word' id='word_1_301' title='bbox 1239 3678 1331 3766; x_wconf 68' lang='lat' dir='ltr'><strong>yn</strong></span> <span class='ocrx_word' id='word_1_302' title='bbox 1366 3682 1433 3734; x_wconf 77' lang='lat'><strong>92</strong></span> 
     </span>
     <span class='ocr_line' id='line_1_50' title="bbox 410 3743 1436 3898; baseline -0.001 -30"><span class='ocrx_word' id='word_1_303' title='bbox 410 3814 490 3895; x_wconf 43' lang='grc' dir='ltr'><strong>οἱ,</strong></span> <span class='ocrx_word' id='word_1_304' title='bbox 498 3817 758 3898; x_wconf 59' lang='grc' dir='ltr'><strong><em>Στωικιξί)</em></strong></span> <span class='ocrx_word' id='word_1_305' title='bbox 810 3834 836 3866; x_wconf 77' lang='grc' dir='ltr'><strong><em>ε</em></strong></span> <span class='ocrx_word' id='word_1_306' title='bbox 858 3743 1436 3880; x_wconf 47' lang='grc' dir='ltr'><strong>νῗκῖντέξτιιίτξῇλευζῖυἷῖ</strong></span> 
     </span>
     <span class='ocr_line' id='line_1_51' title="bbox 411 3878 1436 3954; baseline 0.003 -19"><span class='ocrx_word' id='word_1_307' title='bbox 411 3902 529 3935; x_wconf 78' lang='grc' dir='ltr'><strong>κων</strong></span> <span class='ocrx_word' id='word_1_308' title='bbox 565 3886 653 3934; x_wconf 78' lang='grc' dir='ltr'><strong>καὶ</strong></span> <span class='ocrx_word' id='word_1_309' title='bbox 688 3883 929 3954; x_wconf 73' lang='grc' dir='ltr'><em>αγαθῶν</em></span> <span class='ocrx_word' id='word_1_310' title='bbox 973 3888 1065 3937; x_wconf 83' lang='grc' dir='ltr'><strong>καὶ</strong></span> <span class='ocrx_word' id='word_1_311' title='bbox 1117 3878 1178 3936; x_wconf 78' lang='grc' dir='ltr'><strong>οὗ</strong></span> <span class='ocrx_word' id='word_1_312' title='bbox 1215 3885 1436 3954; x_wconf 57' lang='lat' dir='ltr'><strong>ademv-</strong></span> 
     </span>
     <span class='ocr_line' id='line_1_52' title="bbox 413 3948 1183 4014; baseline -0.001 -9"><span class='ocrx_word' id='word_1_313' title='bbox 413 3949 466 4005; x_wconf 88' lang='lat' dir='ltr'><strong>S.</strong></span> <span class='ocrx_word' id='word_1_314' title='bbox 502 3948 634 4002; x_wconf 84' lang='lat' dir='ltr'><strong>Einl.</strong></span> <span class='ocrx_word' id='word_1_315' title='bbox 670 3953 701 4014; x_wconf 63' lang='grc' dir='ltr'><strong>ς</strong></span> <span class='ocrx_word' id='word_1_316' title='bbox 737 3954 820 4004; x_wconf 83' lang='grc'><strong>24.</strong></span> <span class='ocrx_word' id='word_1_317' title='bbox 1179 3990 1183 3994; x_wconf 63' lang='grc'><em>»</em></span> 
     </span>
    </p>
   </div>
   <div class='ocr_carea' id='block_1_12' title="bbox 1535 1563 2569 2314">
    <p class='ocr_par' dir='ltr' id='par_1_18' title="bbox 1535 1563 2569 2108">
     <span class='ocr_line' id='line_1_53' title="bbox 1607 1563 2566 1640; baseline 0.001 -24"><span class='ocrx_word' id='word_1_318' title='bbox 1607 1569 1655 1619; x_wconf 84' lang='lat'><strong>7.</strong></span> <span class='ocrx_word' id='word_1_319' title='bbox 1731 1567 1849 1617; x_wconf 81' lang='lat' dir='ltr'><strong>onit</strong></span> <span class='ocrx_word' id='word_1_320' title='bbox 1881 1570 2022 1618; x_wconf 85' lang='lat' dir='ltr'><strong>ante.</strong></span> <span class='ocrx_word' id='word_1_321' title='bbox 2092 1564 2185 1618; x_wconf 89' lang='lat' dir='ltr'><strong>Die</strong></span> <span class='ocrx_word' id='word_1_322' title='bbox 2210 1563 2566 1640; x_wconf 62' lang='lat' dir='ltr'><strong>Tmesiqliisst</strong></span> 
     </span>
     <span class='ocr_line' id='line_1_54' title="bbox 1538 1632 2569 1700; baseline 0 -15"><span class='ocrx_word' id='word_1_323' title='bbox 1538 1632 1638 1685; x_wconf 89' lang='lat' dir='ltr'><strong>den</strong></span> <span class='ocrx_word' id='word_1_324' title='bbox 1718 1632 1872 1700; x_wconf 80' lang='lat' dir='ltr'><strong>egriff</strong></span> <span class='ocrx_word' id='word_1_325' title='bbox 1912 1632 2003 1686; x_wconf 92' lang='lat' dir='ltr'><strong>der</strong></span> <span class='ocrx_word' id='word_1_326' title='bbox 2045 1633 2371 1700; x_wconf 70' lang='lat' dir='ltr'><strong>Prfiposition</strong></span> <span class='ocrx_word' id='word_1_327' title='bbox 2420 1634 2569 1686; x_wconf 85' lang='lat' dir='ltr'><strong>mehr</strong></span> 
     </span>
     <span class='ocr_line' id='line_1_55' title="bbox 1535 1701 2568 1769; baseline 0 -17"><span class='ocrx_word' id='word_1_328' title='bbox 1535 1701 1905 1767; x_wconf 86' lang='lat' dir='ltr'><strong>hervortreten‚</strong></span> <span class='ocrx_word' id='word_1_329' title='bbox 1926 1701 2027 1754; x_wconf 84' lang='lat' dir='ltr'><strong>wie</strong></span> <span class='ocrx_word' id='word_1_330' title='bbox 2045 1702 2097 1754; x_wconf 92' lang='lat' dir='ltr'><strong>in</strong></span> <span class='ocrx_word' id='word_1_331' title='bbox 2129 1705 2151 1752; x_wconf 82' lang='lat' dir='ltr'><strong>z·</strong></span> <span class='ocrx_word' id='word_1_332' title='bbox 2165 1718 2321 1769; x_wconf 78' lang='lat' dir='ltr'><strong>prae,</strong></span> <span class='ocrx_word' id='word_1_333' title='bbox 2344 1717 2568 1768; x_wconf 75' lang='lat' dir='ltr'><strong>sequor,-</strong></span> 
     </span>
     <span class='ocr_line' id='line_1_56' title="bbox 1537 1769 2568 1837; baseline 0 -16"><span class='ocrx_word' id='word_1_334' title='bbox 1537 1769 1669 1837; x_wconf 88' lang='lat' dir='ltr'><strong>doch</strong></span> <span class='ocrx_word' id='word_1_335' title='bbox 1721 1770 1791 1822; x_wconf 90' lang='lat' dir='ltr'><strong>ist</strong></span> <span class='ocrx_word' id='word_1_336' title='bbox 1847 1770 1922 1822; x_wconf 89' lang='lat' dir='ltr'><strong>sie</strong></span> <span class='ocrx_word' id='word_1_337' title='bbox 1975 1770 2027 1821; x_wconf 91' lang='lat' dir='ltr'><strong>in</strong></span> <span class='ocrx_word' id='word_1_338' title='bbox 2082 1769 2171 1821; x_wconf 91' lang='lat' dir='ltr'><strong>der</strong></span> <span class='ocrx_word' id='word_1_339' title='bbox 2223 1769 2383 1823; x_wconf 89' lang='lat' dir='ltr'><strong>Prosa</strong></span> <span class='ocrx_word' id='word_1_340' title='bbox 2447 1770 2568 1822; x_wconf 85' lang='lat' dir='ltr'><strong>sehr</strong></span> 
     </span>
     <span class='ocr_line' id='line_1_57' title="bbox 1537 1837 2569 1905; baseline -0.001 -15"><span class='ocrx_word' id='word_1_341' title='bbox 1537 1838 1717 1891; x_wconf 85' lang='lat' dir='ltr'><strong>selten.</strong></span> <span class='ocrx_word' id='word_1_342' title='bbox 1777 1837 1906 1905; x_wconf 88' lang='lat' dir='ltr'><strong>Nep.</strong></span> <span class='ocrx_word' id='word_1_343' title='bbox 1942 1838 2053 1890; x_wconf 89' lang='lat' dir='ltr'><strong>Alc.</strong></span> <span class='ocrx_word' id='word_1_344' title='bbox 2091 1839 2121 1890; x_wconf 88' lang='grc'>8</span> <span class='ocrx_word' id='word_1_345' title='bbox 2154 1842 2376 1904; x_wconf 81' lang='lat' dir='ltr'><strong>praeter</strong></span> <span class='ocrx_word' id='word_1_346' title='bbox 2411 1853 2569 1889; x_wconf 77' lang='lat' dir='ltr'><strong>arma</strong></span> 
     </span>
     <span class='ocr_line' id='line_1_58' title="bbox 1538 1904 2566 1973; baseline 0.001 -15"><span class='ocrx_word' id='word_1_347' title='bbox 1538 1912 1591 1958; x_wconf 84' lang='lat' dir='ltr'><strong>et</strong></span> <span class='ocrx_word' id='word_1_348' title='bbox 1610 1910 1767 1958; x_wconf 76' lang='lat' dir='ltr'><strong>navis</strong></span> <span class='ocrx_word' id='word_1_349' title='bbox 1789 1906 1933 1957; x_wconf 75' lang='lat' dir='ltr'><strong>nihil</strong></span> <span class='ocrx_word' id='word_1_350' title='bbox 1954 1911 2074 1958; x_wconf 82' lang='lat' dir='ltr'><strong>erat</strong></span> <span class='ocrx_word' id='word_1_351' title='bbox 2093 1921 2269 1973; x_wconf 69' lang='lat' dir='ltr'><strong>smper.</strong></span> <span class='ocrx_word' id='word_1_352' title='bbox 2306 1904 2566 1960; x_wconf 88' lang='lat' dir='ltr'><strong>Cic.Brut.</strong></span> 
     </span>
     <span class='ocr_line' id='line_1_59' title="bbox 1540 1973 2568 2039; baseline 0.002 -12"><span class='ocrx_word' id='word_1_353' title='bbox 1540 1977 1590 2039; x_wconf 82' lang='lat'><strong>5,</strong></span> <span class='ocrx_word' id='word_1_354' title='bbox 1626 1978 1688 2027; x_wconf 81' lang='lat'><strong>21</strong></span> <span class='ocrx_word' id='word_1_355' title='bbox 1728 1973 1931 2036; x_wconf 77' lang='lat' dir='ltr'><strong>faciam</strong></span> <span class='ocrx_word' id='word_1_356' title='bbox 1965 1977 2113 2026; x_wconf 75' lang='lat' dir='ltr'><strong>vobis</strong></span> <span class='ocrx_word' id='word_1_357' title='bbox 2146 1977 2295 2027; x_wconf 71' lang='lat' dir='ltr'><strong>satis.</strong></span> <span class='ocrx_word' id='word_1_358' title='bbox 2344 1974 2422 2027; x_wconf 89' lang='lat' dir='ltr'><strong>ad.</strong></span> <span class='ocrx_word' id='word_1_359' title='bbox 2452 1975 2568 2029; x_wconf 84' lang='lat' dir='ltr'><strong>Att.</strong></span> 
     </span>
     <span class='ocr_line' id='line_1_60' title="bbox 1542 2041 2409 2108; baseline 0.005 -17"><span class='ocrx_word' id='word_1_360' title='bbox 1542 2041 1585 2091; x_wconf 91' lang='lat' dir='ltr'>V</span> <span class='ocrx_word' id='word_1_361' title='bbox 1625 2045 1704 2108; x_wconf 88' lang='lat'><strong>18,</strong></span> <span class='ocrx_word' id='word_1_362' title='bbox 1740 2046 1773 2095; x_wconf 88' lang='grc'>4</span> <span class='ocrx_word' id='word_1_363' title='bbox 1807 2041 2013 2104; x_wconf 76' lang='lat' dir='ltr'><strong>faciam</strong></span> <span class='ocrx_word' id='word_1_364' title='bbox 2050 2047 2227 2094; x_wconf 79' lang='lat' dir='ltr'><strong>tamen</strong></span> <span class='ocrx_word' id='word_1_365' title='bbox 2261 2046 2409 2095; x_wconf 73' lang='lat' dir='ltr'><strong>satis.</strong></span> 
     </span>
    </p>

    <p class='ocr_par' dir='ltr' id='par_1_19' title="bbox 1538 2110 2569 2314">
     <span class='ocr_line' id='line_1_61' title="bbox 1608 2110 2566 2177; baseline -0.001 -14"><span class='ocrx_word' id='word_1_366' title='bbox 1608 2114 1654 2163; x_wconf 92' lang='lat'><strong>8.</strong></span> <span class='ocrx_word' id='word_1_367' title='bbox 1693 2111 1911 2162; x_wconf 76' lang='lat' dir='ltr'><strong>ductum</strong></span> <span class='ocrx_word' id='word_1_368' title='bbox 1947 2127 1980 2162; x_wconf 92' lang='lat' dir='ltr'><strong>a</strong></span> <span class='ocrx_word' id='word_1_369' title='bbox 2023 2115 2257 2177; x_wconf 80' lang='lat' dir='ltr'><strong>natura,</strong></span> <span class='ocrx_word' id='word_1_370' title='bbox 2309 2126 2412 2163; x_wconf 86' lang='lat' dir='ltr'><strong>von</strong></span> <span class='ocrx_word' id='word_1_371' title='bbox 2448 2110 2566 2164; x_wconf 87' lang='lat' dir='ltr'><strong>dem</strong></span> 
     </span>
     <span class='ocr_line' id='line_1_62' title="bbox 1538 2178 2569 2314; baseline -0.001 -84"><span class='ocrx_word' id='word_1_372' title='bbox 1538 2178 1859 2314; x_wconf 54' lang='lat' dir='ltr'><strong>natfirgchffl</strong></span> <span class='ocrx_word' id='word_1_373' title='bbox 1900 2178 2269 2245; x_wconf 72' lang='lat' dir='ltr'><strong>Rechtsgesi‘ihl</strong></span> <span class='ocrx_word' id='word_1_374' title='bbox 2315 2178 2569 2245; x_wconf 81' lang='lat' dir='ltr'><strong>hergelei-</strong></span> 
     </span>
     <span class='ocr_line' id='line_1_63' title="bbox 1540 2249 1836 2310; baseline 0.003 -11"><span class='ocrx_word' id='word_1_375' title='bbox 1540 2250 1643 2310; x_wconf 82' lang='lat' dir='ltr'><strong>tet;</strong></span> <span class='ocrx_word' id='word_1_376' title='bbox 1753 2249 1836 2301; x_wconf 82' lang='lat'><strong>22.</strong></span> 
     </span>
    </p>
   </div>
   <div class='ocr_carea' id='block_1_13' title="bbox 1614 2315 2574 2382">
    <p class='ocr_par' dir='ltr' id='par_1_20' title="bbox 1614 2315 2574 2382">
     <span class='ocr_line' id='line_1_64' title="bbox 1614 2315 2574 2382; baseline 0 -15"><span class='ocrx_word' id='word_1_377' title='bbox 1614 2319 1689 2368; x_wconf 87' lang='grc'><strong>10.</strong></span> <span class='ocrx_word' id='word_1_378' title='bbox 1728 2315 1791 2368; x_wconf 89' lang='lat' dir='ltr'><strong>de</strong></span> <span class='ocrx_word' id='word_1_379' title='bbox 1805 2315 1995 2382; x_wconf 73' lang='lat' dir='ltr'><strong>furtis,</strong></span> <span class='ocrx_word' id='word_1_380' title='bbox 2048 2321 2255 2368; x_wconf 75' lang='lat' dir='ltr'><strong>raestat</strong></span> <span class='ocrx_word' id='word_1_381' title='bbox 2277 2316 2449 2368; x_wconf 81' lang='lat' dir='ltr'><strong>edicto</strong></span> <span class='ocrx_word' id='word_1_382' title='bbox 2480 2332 2574 2367; x_wconf 87' lang='lat' dir='ltr'><strong>ae-</strong></span> 
     </span>
    </p>
   </div>
   <div class='ocr_carea' id='block_1_14' title="bbox 1542 2383 2570 2519">
    <p class='ocr_par' dir='ltr' id='par_1_21' title="bbox 1542 2383 2570 2519">
     <span class='ocr_line' id='line_1_65' title="bbox 1542 2383 2570 2450; baseline 0 -16"><span class='ocrx_word' id='word_1_383' title='bbox 1542 2383 1762 2435; x_wconf 80' lang='lat' dir='ltr'><strong>dilium:</strong></span> <span class='ocrx_word' id='word_1_384' title='bbox 1797 2384 1968 2438; x_wconf 83' lang='lat' dir='ltr'><strong>Gell.1</strong></span> <span class='ocrx_word' id='word_1_385' title='bbox 2016 2424 2029 2450; x_wconf 94' lang='lat'><strong>,</strong></span> <span class='ocrx_word' id='word_1_386' title='bbox 2049 2387 2079 2437; x_wconf 87' lang='grc'><strong>2</strong></span> <span class='ocrx_word' id='word_1_387' title='bbox 2117 2388 2176 2437; x_wconf 81' lang='lat' dir='ltr'><strong>in</strong></span> <span class='ocrx_word' id='word_1_388' title='bbox 2212 2385 2385 2436; x_wconf 81' lang='lat' dir='ltr'><strong>edicto</strong></span> <span class='ocrx_word' id='word_1_389' title='bbox 2419 2385 2570 2436; x_wconf 75' lang='lat' dir='ltr'><strong>aedi-</strong></span> 
     </span>
     <span class='ocr_line' id='line_1_66' title="bbox 1543 2452 2570 2519; baseline 0.002 -17"><span class='ocrx_word' id='word_1_390' title='bbox 1543 2452 1674 2504; x_wconf 82' lang='lat' dir='ltr'><strong>lium</strong></span> <span class='ocrx_word' id='word_1_391' title='bbox 1696 2453 1984 2518; x_wconf 78' lang='lat' dir='ltr'><strong>curulium,</strong></span> <span class='ocrx_word' id='word_1_392' title='bbox 2020 2468 2127 2518; x_wconf 84' lang='lat' dir='ltr'><strong>qua</strong></span> <span class='ocrx_word' id='word_1_393' title='bbox 2146 2458 2305 2519; x_wconf 81' lang='lat' dir='ltr'><strong>parte</strong></span> <span class='ocrx_word' id='word_1_394' title='bbox 2330 2452 2395 2504; x_wconf 88' lang='lat' dir='ltr'><strong>de</strong></span> <span class='ocrx_word' id='word_1_395' title='bbox 2416 2468 2570 2504; x_wconf 80' lang='lat' dir='ltr'><strong>man-</strong></span> 
     </span>
    </p>
   </div>
   <div class='ocr_carea' id='block_1_15' title="bbox 1542 2521 2578 2587">
    <p class='ocr_par' dir='ltr' id='par_1_22' title="bbox 1542 2521 2578 2587">
     <span class='ocr_line' id='line_1_67' title="bbox 1542 2521 2578 2587; baseline 0.003 -16"><span class='ocrx_word' id='word_1_396' title='bbox 1542 2523 1697 2587; x_wconf 77' lang='lat' dir='ltr'><strong>cipii-5</strong></span> <span class='ocrx_word' id='word_1_397' title='bbox 1726 2521 2025 2572; x_wconf 76' lang='lat' dir='ltr'><strong>vendundis</strong></span> <span class='ocrx_word' id='word_1_398' title='bbox 2061 2525 2277 2572; x_wconf 79' lang='lat' dir='ltr'><strong>cautum</strong></span> <span class='ocrx_word' id='word_1_399' title='bbox 2309 2526 2399 2586; x_wconf 75' lang='lat' dir='ltr'><strong>est,</strong></span> <span class='ocrx_word' id='word_1_400' title='bbox 2433 2525 2578 2574; x_wconf 71' lang='lat' dir='ltr'><strong>sori-.</strong></span> 
     </span>
    </p>
   </div>
   <div class='ocr_carea' id='block_1_16' title="bbox 1537 2586 2572 4021">
    <p class='ocr_par' dir='ltr' id='par_1_23' title="bbox 1537 2586 2572 3801">
     <span class='ocr_line' id='line_1_68' title="bbox 1537 2586 2568 2655; baseline -0.001 -15"><span class='ocrx_word' id='word_1_401' title='bbox 1537 2594 1690 2655; x_wconf 83' lang='lat' dir='ltr'><strong>ptum</strong></span> <span class='ocrx_word' id='word_1_402' title='bbox 1723 2592 1801 2641; x_wconf 76' lang='lat' dir='ltr'><strong>sie</strong></span> <span class='ocrx_word' id='word_1_403' title='bbox 1830 2586 1969 2650; x_wconf 73' lang='lat' dir='ltr'><strong>fuit.-</strong></span> <span class='ocrx_word' id='word_1_404' title='bbox 2004 2589 2212 2639; x_wconf 75' lang='lat' dir='ltr'><strong>‘titulus</strong></span> <span class='ocrx_word' id='word_1_405' title='bbox 2232 2593 2568 2654; x_wconf 74' lang='lat' dir='ltr'><strong>scriptorum</strong></span> 
     </span>
     <span class='ocr_line' id='line_1_69' title="bbox 1538 2657 2570 2724; baseline 0.001 -16"><span class='ocrx_word' id='word_1_406' title='bbox 1538 2657 1881 2723; x_wconf 74' lang='lat' dir='ltr'><strong>singulorum</strong></span> <span class='ocrx_word' id='word_1_407' title='bbox 1909 2660 2138 2724; x_wconf 75' lang='lat' dir='ltr'><strong>scriptus</strong></span> <span class='ocrx_word' id='word_1_408' title='bbox 2164 2659 2239 2708; x_wconf 80' lang='lat' dir='ltr'><strong>sit</strong></span> <span class='ocrx_word' id='word_1_409' title='bbox 2262 2662 2449 2709; x_wconf 81' lang='lat' dir='ltr'><strong>curato</strong></span> <span class='ocrx_word' id='word_1_410' title='bbox 2468 2660 2570 2722; x_wconf 80' lang='lat' dir='ltr'><strong>ita,</strong></span> 
     </span>
     <span class='ocr_line' id='line_1_70' title="bbox 1540 2726 2569 2791; baseline -0.002 -15"><span class='ocrx_word' id='word_1_411' title='bbox 1540 2730 1603 2776; x_wconf 81' lang='lat' dir='ltr'><strong>ut</strong></span> <span class='ocrx_word' id='word_1_412' title='bbox 1620 2726 1863 2791; x_wconf 74' lang='lat' dir='ltr'><strong>intellegi</strong></span> <span class='ocrx_word' id='word_1_413' title='bbox 1878 2731 2020 2777; x_wconf 78' lang='lat' dir='ltr'><strong>reete</strong></span> <span class='ocrx_word' id='word_1_414' title='bbox 2035 2728 2219 2791; x_wconf 75' lang='lat' dir='ltr'><strong>possit,</strong></span> <span class='ocrx_word' id='word_1_415' title='bbox 2242 2726 2376 2791; x_wconf 79' lang='lat' dir='ltr'><strong>quid</strong></span> <span class='ocrx_word' id='word_1_416' title='bbox 2390 2728 2569 2776; x_wconf 75' lang='lat' dir='ltr'><strong>morbi</strong></span> 
     </span>
     <span class='ocr_line' id='line_1_71' title="bbox 1540 2793 2569 2859; baseline -0.001 -14"><span class='ocrx_word' id='word_1_417' title='bbox 1540 2797 1726 2845; x_wconf 79' lang='lat' dir='ltr'><strong>vitiive</strong></span> <span class='ocrx_word' id='word_1_418' title='bbox 1760 2797 1952 2859; x_wconf 76' lang='lat' dir='ltr'><strong>cuique</strong></span> <span class='ocrx_word' id='word_1_419' title='bbox 1985 2796 2084 2859; x_wconf 73' lang='lat' dir='ltr'><strong>sit,</strong></span> <span class='ocrx_word' id='word_1_420' title='bbox 2133 2796 2252 2858; x_wconf 75' lang='lat' dir='ltr'><strong>quis</strong></span> <span class='ocrx_word' id='word_1_421' title='bbox 2297 2793 2569 2859; x_wconf 75' lang='lat' dir='ltr'><em>fugitivus</em></span> 
     </span>
     <span class='ocr_line' id='line_1_72' title="bbox 1541 2862 2568 2914; baseline -0.001 -1"><span class='ocrx_word' id='word_1_422' title='bbox 1541 2878 1727 2914; x_wconf 76' lang='lat' dir='ltr'><strong>errove</strong></span> <span class='ocrx_word' id='word_1_423' title='bbox 1783 2865 1859 2912; x_wconf 77' lang='lat' dir='ltr'><strong>sit</strong></span> <span class='ocrx_word' id='word_1_424' title='bbox 1915 2877 2130 2913; x_wconf 75' lang='lat' dir='ltr'><strong>noxave</strong></span> <span class='ocrx_word' id='word_1_425' title='bbox 2188 2862 2395 2912; x_wconf 72' lang='lat' dir='ltr'><strong>solutm</strong></span> <span class='ocrx_word' id='word_1_426' title='bbox 2454 2877 2568 2913; x_wconf 86' lang='lat' dir='ltr'><strong>non</strong></span> 
     </span>
     <span class='ocr_line' id='line_1_73' title="bbox 1538 2929 2567 2994; baseline -0.001 -12"><span class='ocrx_word' id='word_1_427' title='bbox 1538 2932 1644 2982; x_wconf 62' lang='lat' dir='ltr'><strong>sit?</strong></span> <span class='ocrx_word' id='word_1_428' title='bbox 1693 2931 1758 2981; x_wconf 85' lang='lat' dir='ltr'><strong>de</strong></span> <span class='ocrx_word' id='word_1_429' title='bbox 1790 2929 1961 2990; x_wconf 77' lang='lat' dir='ltr'><strong>furtis</strong></span> <span class='ocrx_word' id='word_1_430' title='bbox 1994 2929 2297 2982; x_wconf 86' lang='lat' dir='ltr'><strong>bezeichnet</strong></span> <span class='ocrx_word' id='word_1_431' title='bbox 2331 2929 2459 2994; x_wconf 84' lang='lat' dir='ltr'><strong>also,</strong></span> <span class='ocrx_word' id='word_1_432' title='bbox 2497 2931 2567 2983; x_wconf 89' lang='lat' dir='ltr'><strong>ob</strong></span> 
     </span>
     <span class='ocr_line' id='line_1_74' title="bbox 1541 2996 2567 3050; baseline -0.001 0"><span class='ocrx_word' id='word_1_433' title='bbox 1541 2998 1631 3050; x_wconf 87' lang='lat' dir='ltr'><strong>der</strong></span> <span class='ocrx_word' id='word_1_434' title='bbox 1667 2996 1859 3050; x_wconf 87' lang='lat' dir='ltr'><strong>Sklave</strong></span> <span class='ocrx_word' id='word_1_435' title='bbox 1906 2997 2065 3050; x_wconf 89' lang='lat' dir='ltr'><strong>durch</strong></span> <span class='ocrx_word' id='word_1_436' title='bbox 2108 2997 2374 3050; x_wconf 87' lang='lat' dir='ltr'><strong>Diebstahl</strong></span> <span class='ocrx_word' id='word_1_437' title='bbox 2423 2997 2567 3049; x_wconf 87' lang='lat' dir='ltr'><strong>einer</strong></span> 
     </span>
     <span class='ocr_line' id='line_1_75' title="bbox 1539 3065 2572 3132; baseline 0 -15"><span class='ocrx_word' id='word_1_438' title='bbox 1539 3065 1750 3131; x_wconf 47' lang='lat' dir='ltr'><strong>Person„</strong></span> <span class='ocrx_word' id='word_1_439' title='bbox 1801 3065 2012 3132; x_wconf 75' lang='lat' dir='ltr'><strong>obligirt</strong></span> <span class='ocrx_word' id='word_1_440' title='bbox 2066 3065 2168 3131; x_wconf 88' lang='lat' dir='ltr'><strong>sei,</strong></span> <span class='ocrx_word' id='word_1_441' title='bbox 2231 3065 2457 3118; x_wconf 81' lang='lat' dir='ltr'><strong>welcher</strong></span> <span class='ocrx_word' id='word_1_442' title='bbox 2510 3081 2572 3117; x_wconf 85' lang='lat' dir='ltr'><strong>er</strong></span> 
     </span>
     <span class='ocr_line' id='line_1_76' title="bbox 1542 3132 2564 3201; baseline -0.001 -14"><span class='ocrx_word' id='word_1_443' title='bbox 1542 3133 1873 3201; x_wconf 81' lang='lat' dir='ltr'><strong>ausgeliefert</strong></span> <span class='ocrx_word' id='word_1_444' title='bbox 1907 3132 2114 3186; x_wconf 87' lang='lat' dir='ltr'><strong>werden</strong></span> <span class='ocrx_word' id='word_1_445' title='bbox 2161 3137 2349 3186; x_wconf 70' lang='lat' dir='ltr'><strong>iniisse.</strong></span> <span class='ocrx_word' id='word_1_446' title='bbox 2418 3132 2564 3186; x_wconf 88' lang='lat' dir='ltr'><strong>Denn</strong></span> 
     </span>
     <span class='ocr_line' id='line_1_77' title="bbox 1537 3201 2568 3263; baseline 0 -9"><span class='ocrx_word' id='word_1_447' title='bbox 1537 3218 1718 3254; x_wconf 75' lang='lat' dir='ltr'><strong>noxae</strong></span> <span class='ocrx_word' id='word_1_448' title='bbox 1769 3201 1901 3253; x_wconf 78' lang='lat' dir='ltr'><strong>dare</strong></span> <span class='ocrx_word' id='word_1_449' title='bbox 1952 3217 2069 3254; x_wconf 90' lang='lat' dir='ltr'><strong>zum</strong></span> <span class='ocrx_word' id='word_1_450' title='bbox 2114 3201 2373 3254; x_wconf 86' lang='lat' dir='ltr'><strong>Schaden-</strong></span> <span class='ocrx_word' id='word_1_451' title='bbox 2426 3202 2568 3263; x_wconf 86' lang='lat' dir='ltr'><strong>(incl.</strong></span> 
     </span>
     <span class='ocr_line' id='line_1_78' title="bbox 1538 3269 2563 3337; baseline 0.001 -16"><span class='ocrx_word' id='word_1_452' title='bbox 1538 3269 1872 3334; x_wconf 86' lang='lat' dir='ltr'><strong>Diebstahls-)</strong></span> <span class='ocrx_word' id='word_1_453' title='bbox 1897 3270 2074 3324; x_wconf 87' lang='lat' dir='ltr'><strong>Ersatz</strong></span> <span class='ocrx_word' id='word_1_454' title='bbox 2104 3270 2415 3337; x_wconf 76' lang='lat' dir='ltr'><strong>fibergeben.</strong></span> <span class='ocrx_word' id='word_1_455' title='bbox 2454 3269 2563 3323; x_wconf 88' lang='lat' dir='ltr'><strong>Gai.</strong></span> 
     </span>
     <span class='ocr_line' id='line_1_79' title="bbox 1537 3332 2566 3401; baseline -0.002 -11"><span class='ocrx_word' id='word_1_456' title='bbox 1537 3337 1606 3390; x_wconf 85' lang='lat' dir='ltr'><strong>lv</strong></span> <span class='ocrx_word' id='word_1_457' title='bbox 1642 3332 1705 3392; x_wconf 76' lang='grc'><strong>75</strong></span> <span class='ocrx_word' id='word_1_458' title='bbox 1761 3356 1831 3389; x_wconf 76' lang='lat' dir='ltr'><strong>ex</strong></span> <span class='ocrx_word' id='word_1_459' title='bbox 1875 3338 2153 3401; x_wconf 77' lang='lat' dir='ltr'><strong>maleficii-5</strong></span> <span class='ocrx_word' id='word_1_460' title='bbox 2197 3338 2437 3401; x_wconf 78' lang='lat' dir='ltr'><strong>filiorum</strong></span> <span class='ocrx_word' id='word_1_461' title='bbox 2479 3337 2566 3398; x_wconf 80' lang='lat' dir='ltr'><strong>fa·</strong></span> 
     </span>
     <span class='ocr_line' id='line_1_80' title="bbox 1537 3404 2569 3471; baseline -0.001 -14"><span class='ocrx_word' id='word_1_462' title='bbox 1537 3407 1718 3458; x_wconf 68' lang='lat' dir='ltr'><strong>miliat</strong></span> <span class='ocrx_word' id='word_1_463' title='bbox 1751 3422 2119 3471; x_wconf 64' lang='lat' dir='ltr'><strong>remorumve,</strong></span> <span class='ocrx_word' id='word_1_464' title='bbox 2168 3406 2313 3458; x_wconf 82' lang='lat' dir='ltr'><strong>velut</strong></span> <span class='ocrx_word' id='word_1_465' title='bbox 2351 3409 2401 3456; x_wconf 71' lang='lat' dir='ltr'><strong>ai</strong></span> <span class='ocrx_word' id='word_1_466' title='bbox 2443 3404 2569 3467; x_wconf 79' lang='lat' dir='ltr'><strong>fur-</strong></span> 
     </span>
     <span class='ocr_line' id='line_1_81' title="bbox 1539 3473 2565 3536; baseline -0.002 -10"><span class='ocrx_word' id='word_1_467' title='bbox 1539 3480 1652 3526; x_wconf 79' lang='lat' dir='ltr'><strong>tum</strong></span> <span class='ocrx_word' id='word_1_468' title='bbox 1698 3473 1928 3536; x_wconf 79' lang='lat' dir='ltr'><strong>fecerint</strong></span> <span class='ocrx_word' id='word_1_469' title='bbox 1970 3480 2068 3526; x_wconf 82' lang='lat' dir='ltr'><strong>aut</strong></span> <span class='ocrx_word' id='word_1_470' title='bbox 2113 3477 2377 3526; x_wconf 79' lang='lat' dir='ltr'><strong>iniuriam</strong></span> <span class='ocrx_word' id='word_1_471' title='bbox 2425 3489 2565 3525; x_wconf 84' lang='lat' dir='ltr'><strong>eom·</strong></span> 
     </span>
     <span class='ocr_line' id='line_1_82' title="bbox 1537 3543 2568 3609; baseline 0 -16"><span class='ocrx_word' id='word_1_472' title='bbox 1537 3546 1801 3609; x_wconf 76' lang='lat' dir='ltr'><strong>miserint,</strong></span> <span class='ocrx_word' id='word_1_473' title='bbox 1814 3543 2041 3595; x_wconf 74' lang='lat' dir='ltr'><strong>nooeales</strong></span> <span class='ocrx_word' id='word_1_474' title='bbox 2058 3546 2295 3595; x_wconf 72' lang='lat' dir='ltr'><strong>actiones</strong></span> <span class='ocrx_word' id='word_1_475' title='bbox 2309 3543 2568 3609; x_wconf 82' lang='lat' dir='ltr'><strong>proditae</strong></span> 
     </span>
     <span class='ocr_line' id='line_1_83' title="bbox 1537 3611 2565 3678; baseline -0.003 -15"><span class='ocrx_word' id='word_1_476' title='bbox 1537 3617 1688 3677; x_wconf 78' lang='lat' dir='ltr'><strong>sunt,</strong></span> <span class='ocrx_word' id='word_1_477' title='bbox 1738 3616 1805 3663; x_wconf 83' lang='lat' dir='ltr'><strong>ut</strong></span> <span class='ocrx_word' id='word_1_478' title='bbox 1850 3611 2035 3663; x_wconf 77' lang='lat' dir='ltr'><strong>liceret</strong></span> <span class='ocrx_word' id='word_1_479' title='bbox 2080 3614 2234 3678; x_wconf 78' lang='lat' dir='ltr'><strong>patri</strong></span> <span class='ocrx_word' id='word_1_480' title='bbox 2281 3612 2565 3662; x_wconf 81' lang='lat' dir='ltr'><strong>dominove</strong></span> 
     </span>
     <span class='ocr_line' id='line_1_84' title="bbox 1540 3678 2569 3742; baseline -0.003 -11"><span class='ocrx_word' id='word_1_481' title='bbox 1540 3685 1638 3731; x_wconf 82' lang='lat' dir='ltr'><strong>aut</strong></span> <span class='ocrx_word' id='word_1_482' title='bbox 1687 3680 1799 3730; x_wconf 74' lang='lat' dir='ltr'><strong>litis</strong></span> <span class='ocrx_word' id='word_1_483' title='bbox 1852 3683 2273 3732; x_wconf 72' lang='lat' dir='ltr'><strong>aestimationem</strong></span> <span class='ocrx_word' id='word_1_484' title='bbox 2334 3678 2569 3742; x_wconf 76' lang='lat' dir='ltr'><strong>sufferre</strong></span> 
     </span>
     <span class='ocr_line' id='line_1_85' title="bbox 1539 3748 2086 3801; baseline 0.002 -2"><span class='ocrx_word' id='word_1_485' title='bbox 1539 3753 1637 3800; x_wconf 82' lang='lat' dir='ltr'><strong>aut</strong></span> <span class='ocrx_word' id='word_1_486' title='bbox 1668 3763 1849 3799; x_wconf 70' lang='lat' dir='ltr'><strong>nomae</strong></span> <span class='ocrx_word' id='word_1_487' title='bbox 1882 3748 2086 3801; x_wconf 81' lang='lat' dir='ltr'><strong>dedero.</strong></span> 
     </span>
    </p>

    <p class='ocr_par' dir='ltr' id='par_1_24' title="bbox 1540 3814 2570 4021">
     <span class='ocr_line' id='line_1_86' title="bbox 1611 3814 2565 3869; baseline -0.004 0"><span class='ocrx_word' id='word_1_488' title='bbox 1611 3819 1689 3869; x_wconf 86' lang='grc'><strong>11.</strong></span> <span class='ocrx_word' id='word_1_489' title='bbox 1710 3816 1991 3869; x_wconf 80' lang='lat' dir='ltr'><strong>Heredum.</strong></span> <span class='ocrx_word' id='word_1_490' title='bbox 2028 3815 2178 3869; x_wconf 89' lang='lat' dir='ltr'><strong>Diese</strong></span> <span class='ocrx_word' id='word_1_491' title='bbox 2196 3814 2429 3868; x_wconf 87' lang='lat' dir='ltr'><strong>konnten</strong></span> <span class='ocrx_word' id='word_1_492' title='bbox 2453 3814 2565 3866; x_wconf 85' lang='lat' dir='ltr'><strong>sich</strong></span> 
     </span>
     <span class='ocr_line' id='line_1_87' title="bbox 1541 3881 2570 3937; baseline -0.002 -2"><span class='ocrx_word' id='word_1_493' title='bbox 1541 3883 1698 3937; x_wconf 88' lang='lat' dir='ltr'><strong>durch</strong></span> <span class='ocrx_word' id='word_1_494' title='bbox 1730 3881 2082 3936; x_wconf 82' lang='lat' dir='ltr'><strong>Unkenntniss</strong></span> <span class='ocrx_word' id='word_1_495' title='bbox 2118 3882 2207 3936; x_wconf 88' lang='lat' dir='ltr'><strong>der</strong></span> <span class='ocrx_word' id='word_1_496' title='bbox 2237 3881 2420 3935; x_wconf 84' lang='lat' dir='ltr'><strong>Fehler</strong></span> <span class='ocrx_word' id='word_1_497' title='bbox 2454 3888 2570 3934; x_wconf 85' lang='lat' dir='ltr'><strong>ent-</strong></span> 
     </span>
     <span class='ocr_line' id='line_1_88' title="bbox 1540 3950 1857 4021; baseline 0.003 -18"><span class='ocrx_word' id='word_1_498' title='bbox 1540 3950 1857 4021; x_wconf 79' lang='lat' dir='ltr'><strong>schuldigen.</strong></span> 
     </span>
    </p>
   </div>
   <div class='ocr_carea' id='block_1_17' title="bbox 2617 1217 2683 1272">
    <p class='ocr_par' dir='ltr' id='par_1_25' title="bbox 2617 1217 2683 1272">
     <span class='ocr_line' id='line_1_89' title="bbox 2617 1217 2683 1272; baseline 0.03 -2"><span class='ocrx_word' id='word_1_499' title='bbox 2617 1217 2683 1272; x_wconf 77' lang='lat'><strong>10</strong></span> 
     </span>
    </p>
   </div>
  </div>
 </body>
</html>
