2813 4537
790 290 875 345 m:
911 290 1171 346 Orneus
1211 291 1330 349 ΠΒ.
1364 290 1442 345 m.
1495 290 1637 346 GAP.
1664 295 1741 348 19.
1777 294 1860 348 20.

242 481 367 526 non
399 464 624 540 deceat,
657 465 834 528 etiam
864 465 914 528 si
943 465 1004 526 id
1033 465 1228 548 possis
1257 466 1423 529 nullo
1453 464 1763 527 refellente
1794 464 2110 528 obtinere?
2147 466 2400 530 Videsne
2443 476 2501 530 78

2270 288 2390 352 221

240 550 357 611 hoc
410 550 723 630 proverbio
767 569 965 631 neque
1007 550 1156 634 Gygi
1210 551 1295 613 illi
1338 554 1515 633 p‘osse
1558 550 1791 613 veniam
1834 551 1960 613 dari
2001 570 2197 631 neque
2239 553 2397 628 huic,

241 651 424 714 quem
474 636 672 716 paullo
726 643 864 698 ante
915 637 1213 718 fingebam
1255 637 1577 717 digitorum
1618 637 2004 717 percussione
2044 638 2402 701 hereditates

244 719 514 782 omnium
543 741 719 803 posse
749 719 1146 784 converrere?
1198 722 1274 785 Ut
1303 721 1483 798 enim,
1528 722 1690 800 quod
1718 729 1893 802 turpe
1925 729 2033 798 est,
2076 722 2153 798 id,
2194 742 2401 804 quam-

153 816 189 867 5
241 805 328 867 vis
352 806 705 883 occultetur,
735 814 935 869 tamen
959 808 1279 870 honestum
1301 808 1432 870 fieri
1457 806 1621 869 nullo
1649 807 1829 869 modo
1858 814 2075 888 potest,
2105 807 2209 883 sic,
2241 808 2403 889 quod

242 891 564 954 honestum
600 912 722 954 non
767 899 892 970 est,
933 891 994 952 id
1020 893 1164 955 utile
1194 900 1260 954 ut
1290 893 1367 956 sit
1399 892 1554 955 effici
1585 910 1710 954 non
1742 899 1940 973 potest
1968 893 2313 955 adversante
2343 901 2405 955 et

238 985 617 1058 repugnante
647 985 875 1040 natura.

416 1062 491 1123 At
520 1062 710 1139 enim,
755 1081 891 1125 cum
923 1079 1245 1143 permagna
1276 1062 1537 1143 praemia
1566 1072 1738 1137 sunt,
1771 1069 1861 1124 est
1890 1080 2066 1125 causa
2093 1062 2400 1142 peccandi.
2427 1064 2505 1122 2⁰

246 1145 311 1208 C.
341 1146 562 1210 Marius
603 1166 740 1211 cum
770 1166 803 1209 a
833 1166 939 1228 spe
983 1147 1329 1211 consulatus
1372 1147 1552 1229 longe
1592 1147 1826 1210 abesset
1851 1157 1911 1210 et
1940 1147 2055 1209 iam
2085 1147 2405 1227 septimum
2448 1147 2508 1198 ’79

133 1242 198 1295 10
245 1250 471 1296 annum
518 1241 655 1313 post
696 1240 1036 1313 praeturam
1074 1232 1291 1296 iaceret
1322 1250 1518 1312 neque
1548 1231 1844 1313 petiturus
1872 1250 2155 1312 umquam
2185 1251 2407 1296 consu-

244 1317 431 1380 latum
451 1318 769 1394 videretur,
800 1318 873 1391 Q.
905 1318 1225 1395 Metellum,
1256 1317 1428 1381 cuius
1456 1318 1684 1399 legatus
1713 1324 1858 1393 erat,
1889 1335 2188 1380 summum
2215 1317 2409 1380 virum

246 1410 307 1465 et
359 1404 576 1480 civem,
630 1422 768 1466 cum
812 1404 886 1466 ab
931 1422 1003 1466 eo
1021 1450 1037 1480 ‚
1092 1404 1448 1486 imperatore
1490 1413 1631 1479 suo,
1682 1402 1933 1465 Romam
1974 1403 2190 1465 missus
2233 1411 2408 1479 esset,

246 1488 406 1569 apud
449 1488 740 1574 populum
769 1489 1109 1552 Romanum
1153 1489 1501 1553 criminatus
1544 1496 1650 1563 est,
1691 1487 1914 1551 bellum
1955 1487 2122 1550 illum
2159 1488 2407 1551 ducere:

246 1574 300 1635 si
343 1592 408 1635 se
449 1575 757 1638 consulem
785 1575 1085 1652 fecissent,
1128 1575 1291 1639 brevi
1319 1583 1592 1656 tempore
1622 1581 1723 1635 aut
1751 1573 1947 1636 vivum
1975 1581 2078 1636 aut
2105 1580 2410 1637 mortuum

249 1657 594 1740 Iugurtham
635 1678 700 1723 se
742 1661 806 1723 in
837 1667 1192 1741 potestatem
1222 1659 1432 1741 populi
1459 1658 1713 1721 Romani
1743 1659 2142 1722 redacturum.
2202 1658 2409 1740 ltaque

137 1668 203 1722 15

245 1841 374 1896 zahl
424 1842 683 1899 ausrufen.
758 1842 976 1898 Wessen
1024 1842 1150 1897 Zahl
1197 1842 1279 1896 die

246 1909 459 1964 Summe
478 1910 569 1965 der
586 1928 690 1966 von
714 1911 899 1965 beiden
925 1911 1283 1979 ausgestreck-

247 1984 339 2032 ten
362 1978 548 2046 Finger
572 1979 718 2046 trifft,
745 1980 837 2034 der
858 1980 950 2034 hat
1008 1994 1279 2034 ewonnen.

247 2045 344 2100 Die
370 2046 557 2102 Romer
583 2048 828 2103 wandten
853 2047 945 2102 das
1010 2048 1113 2117 piel
1150 2048 1282 2102 euch

249 2114 331 2168 als
368 2115 484 2169 eine
511 2115 605 2171 Art
639 2117 732 2171 des
766 2117 996 2171 Loosens
1031 2131 1112 2182 en,
1149 2132 1195 2171 z.
1222 2115 1280 2170 B.

248 2183 391 2237 heim
410 2183 566 2247 Kauh
603 2184 637 2252 5
657 2187 738 2239 90.
779 2184 922 2239 Suet.
940 2185 1045 2239 div.
1064 2183 1197 2252 Aug.
1219 2187 1280 2239 13

249 2252 393 2305 alios
418 2256 635 2319 patrem
660 2259 713 2306 et
733 2254 909 2318 fllium
928 2270 1032 2322 pro
1055 2256 1171 2307 vita
1193 2270 1282 2307 ro-

243 2324 447 2389 gantes
487 2324 681 2373 sortiri
718 2327 771 2373 et
811 2326 1017 2375 mieare
1050 2325 1282 2389 iuuisse,

248 2393 316 2442 ut
352 2388 609 2441 alterutri
645 2390 1041 2443 concederetur.

329 2461 373 2513 1.
419 2456 571 2510 nullo
623 2456 928 2524 refellente,
973 2458 1108 2511 ohne
1162 2457 1282 2511 dass

251 2525 373 2579 dich
390 2525 603 2591 jemand
621 2524 714 2579 des
729 2523 977 2579 Uni-echte
996 2525 1280 2579 uherfuhrt.

251 2591 500 2656 refellere
531 2593 672 2647 steht
694 2594 830 2648 ohne
855 2592 1056 2660 Object,
1089 2593 1193 2647 wie
1219 2593 1282 2646 de

253 2677 331 2716 or.
362 2661 404 2714 Π
438 2664 488 2728 2,
513 2664 545 2716 9
580 2665 640 2714 in
677 2678 784 2729 quo
820 2662 982 2715 liceat
1012 2664 1151 2714 milti
1182 2662 1285 2726 fin·

247 2746 410 2798 gere,
451 2733 503 2781 ei
537 2731 673 2797 quid
704 2730 889 2795 velim,
937 2731 1143 2783 nullius
1175 2745 1282 2782 me-

251 2801 434 2851 moria
467 2802 580 2850 iam
611 2797 906 2859 refellente.

326 2867 374 2919 8.
429 2868 506 2919 At
547 2870 704 2920 enim.
773 2865 935 2920 Unter
976 2866 1068 2920 der
1114 2866 1281 2931 Fon-m,

254 2933 375 2986 dem
417 2949 484 2987 zu
526 2934 883 2989 erwartenden
918 2933 1155 2988 Einwurs
1195 2949 1283 2986 zu-

253 3000 676 3068 vorzukommen,
709 3003 873 3057 hildet
908 3002 1020 3056 sich
1048 3002 1151 3056 Cic.
1174 3001 1285 3057 hier

254 3069 359 3122 den
409 3068 552 3124 Uehe
614 3086 679 3124 an
774 3087 866 3125 zur
918 3071 1284 3140 Beeprechung

254 3137 348 3191 des
382 3085 661 3205 folgenffen
681 3086 996 3207 ffieispieles.

325 3224 378 3276 9.
423 3224 709 3289 septimum
742 3239 947 3276 annum
988 3254 1032 3264 —
1067 3228 1286 3291 iaceret,

256 3288 575 3343 unbeachtet
598 3304 723 3343 war.
769 3290 825 3343 ln
853 3291 945 3344 der
965 3292 1011 3344 R
1077 3294 1125 3346 el
1161 3292 1285 3347 liess

256 3371 380 3410 man
403 3356 666 3410 zwischen
686 3356 900 3411 Praetur
921 3358 1028 3412 und
1081 3360 1288 3415 onsulat

259 3427 294 3480 8
310 3424 468 3479 Jahre
484 3424 800 3492 vei-messem
836 3426 938 3479 wie
958 3426 1052 3480 des
1071 3428 1159 3481 bei
1183 3429 1286 3482 Cic.

257 3493 352 3547 der
386 3493 499 3547 Fan
535 3508 671 3556 wan
719 3509 764 3548 z.
799 3493 840 3546 n
888 3495 922 3562 ς
958 3496 1040 3549 59.
1111 3499 1290 3549 iaeere

258 3561 333 3615 ist
384 3561 661 3616 stehender
707 3561 977 3616 Ausdmck
1030 3578 1133 3616 von
1186 3565 1290 3617 sol-

259 3631 410 3697 chen,
449 3630 534 3684 die
568 3630 713 3683 mehr
748 3629 825 3684 als
860 3630 944 3684 die
979 3633 1291 3698 gesetzmis-

259 3697 374 3766 sige
419 3698 532 3752 Zeit
584 3699 666 3753 bis
718 3714 810 3753 zur
853 3699 1147 3768 Erlangung
1198 3696 1297 3754 des'

260 3766 448 3820 nachst
499 3767 670 3822 hohen
716 3766 897 3821 Amtes
940 3767 1290 3822 versu-eichen

260 3833 449 3888 lassen.
509 3834 578 3888 ad
611 3835 783 3898 Quint.
820 3835 880 3890 fr.
915 3834 976 3889 m
1012 3838 1061 3903 2,
1098 3839 1129 3890 3
1166 3852 1292 3890 ecm-

259 3902 404 3955 mlee
438 3906 656 3957 eomitia
690 3906 887 3957 habere
921 3908 1171 3972 eupiunt,
1206 3908 1291 3958 rei

260 3971 459 4024 nolunt
489 3976 541 4024 et
564 3976 803 4025 maoet’me
826 3971 1121 4040 Memmiae,
1145 3974 1293 4041 quod

1386 1842 1632 1896 Caesam
1669 1842 1901 1894 adventu
1934 1859 1990 1893 se
2034 1847 2220 1909 eperat
2262 1841 2413 1903 sulva-

1382 1925 1507 1962 rum
1543 1910 1844 1975 conmlem5
1875 1910 1972 1962 sed
1992 1913 2193 1962 mirum
2217 1913 2276 1962 in
2302 1925 2413 1963 mo-

1384 1979 1513 2031 dum
1553 1981 1712 2031 iacet.
1782 1995 1833 2046 p.
1869 1977 1997 2031 Mur.
2034 1980 2085 2044 8,
2124 1982 2185 2031 17
2238 1983 2335 2045 qut·
2368 2008 2411 2017 -

1383 2049 1648 2102 iacebant.
1837 2063 1846 2076 ·

1458 2118 1539 2170 11.
1578 2115 1639 2180 Q.
1667 2113 1910 2166 Metellus
1925 2113 2249 2167 Numidicus
2284 2114 2416 2167 Gon·

1384 2183 1467 2236 sul
1487 2185 1586 2239 645
1611 2184 1779 2248 (109);
1818 2181 2171 2250 Se11.1ug.64.
2200 2151 2415 2236 Momm-

1384 2265 1480 2306 sen
1504 2267 1543 2306 r.
1566 2250 1625 2305 G.
1649 2250 1691 2305 11
1725 2267 1776 2320 p.
1806 2252 1902 2305 139
1924 2250 1961 2307 f.
2002 2250 2111 2306 Den
2134 2250 2415 2305 Beinamen

1383 2319 1709 2373 Numidiem
1742 2319 1927 2373 erhielt
1963 2335 2018 2374 er
2052 2320 2106 2373 in
2129 2319 2289 2387 Folge
2317 2320 2416 2374 sei·

1385 2403 1480 2441 nes
1509 2388 1598 2441 Kri
1667 2403 1725 2441 es
1759 2402 1926 2456 gegen
1953 2387 2222 2455 ,Ungui-tha,
2259 2402 2413 2441 wenn

1385 2470 1442 2509 er
1476 2456 1636 2510 dense
1693 2471 1758 2509 en
1799 2455 1931 2508 auch
1965 2455 2108 2508 nicht
2145 2471 2210 2509 zu
2246 2454 2412 2509 einem

1384 2523 1805 2592 hesi-iedigenden
1823 2522 1966 2576 Ende
1987 2522 2235 2590 gebracht
2253 2523 2412 2577 hatte.

1459 2610 1539 2663 12.
1575 2611 1642 2661 ab
1667 2623 1728 2661 eo
1749 2635 1793 2648 —
1809 2608 2031 2662 Romam
2052 2611 2247 2661 minue
2269 2615 2416 2662 eeeet.

1384 2675 1594 2730 Danach
1627 2677 1697 2731 ist
1731 2674 1922 2730 Marius
1957 2676 2054 2730 mit
2086 2676 2253 2730 einem
2290 2675 2416 2730 Auf-

1388 2749 1466 2798 tra
1555 2745 1687 2799 nach
1737 2743 1870 2798 Rom
1922 2744 2216 2813 geschickt3
2283 2745 2415 2799 nach

1389 2759 1586 2867 Safiust
1620 2813 1676 2867 lu
1714 2852 1726 2866 .
1752 2816 1821 2868 64
1865 2813 2010 2867 hatte
2052 2813 2141 2867 ihn
2177 2812 2416 2867 Metellus

1388 2881 1481 2934 auf
1506 2882 1649 2936 seine
1717 2881 1813 2935 itte
1848 2896 1942 2935 aus
1967 2882 2086 2937 dem
2109 2881 2271 2935 Heere
2307 2886 2420 2936 ent·

1388 2947 1560 3003 lassen
1585 2949 1690 3004 und
1713 2950 1803 3003 ihn
1829 2951 2067 3005 fiberdies
2091 2950 2252 3004 durch
2271 2950 2420 3005 Hohn

1427 3018 1604 3073 ereizt.
1671 3018 1876 3073 Ebenso
1924 3020 2059 3074 Plut.
2109 3018 2231 3073 Mer.
2271 3023 2302 3075 8
2353 3015 2419 3071 σὺ

1436 3082 1449 3099 “
1506 3082 1832 3141 καταλιπὼν
1877 3080 2038 3156 ἡμᾶς,
2093 3077 2141 3139 ὦ
2186 3089 2420 3159 γενναῖε,

1390 3172 1437 3209 π
1495 3156 1552 3208 ἵν
1598 3150 1692 3209 ἐπ’
1732 3153 1879 3207 οἴκου
1921 3150 2115 3242 διανοῇ
2154 3159 2247 3207 καὶ
2281 3172 2418 3227 παρ·

1391 3241 1464 3296 αγ
1499 3219 1675 3277 ἄλλων
1707 3216 2009 3285 dumetae:
2055 3240 2117 3276 ον
2188 3220 2256 3294 ἀρ
2290 3217 2421 3309 ἄχα-

1390 3309 1437 3346 or
1505 3307 1603 3357 eas,
1651 3283 1724 3345 ἂν
1757 3290 1843 3358 τῷ
1876 3290 1995 3359 ἆμῷ
2029 3308 2131 3345 παι
2169 3294 2188 3342 ὶ
2232 3308 2417 3358 τουτῳ

1389 3355 1741 3414 amatote
1777 3375 1835 3424 effi
1853 3347 1963 3412 Ἠν
1985 3354 2047 3411 δὲ
2074 3352 2105 3411 ὁ
2128 3360 2257 3413 παῖε
2288 3354 2420 3413 τότε

1389 3427 1489 3481 τοῦ
1539 3424 1723 3481 Meri),
1848 3423 2190 3503 grandemve
2238 3423 2420 3498 μειρά-

1389 3514 1527 3549 κων.

1464 3568 1546 3620 15.
1580 3565 1959 3618 retinetur-um.-
1978 3563 2101 3618 Sall.
2125 3565 2232 3633 lug.
2255 3567 2322 3619 64
2341 3565 2422 3617 ἀι·-

1389 3633 1565 3685 midia
1605 3649 1742 3700 pare
1776 3636 2046 3686 emerettm
2078 3637 2130 3686 si
2162 3635 2269 3686 eibi
2298 3649 2422 3701 per-

1390 3704 1725 3768 mitteretur,
1766 3704 1960 3770 paneis
2006 3701 2191 3754 diebus
2223 3701 2420 3768 Iugur-

1391 3771 1541 3821 tham
1591 3772 1651 3822 in
1706 3773 1907 3823 eatenis
1959 3771 2298 3836 habiturum,
2352 3772 2418 3822 ab

1390 3840 1719 3905 imperatore
1764 3837 2006 3892 consulto
2056 3839 2203 3891 trahi
2211 3876 2228 3904 ‚
2275 3838 2421 3905 quod

1392 3906 1550 3958 hemo
1596 3909 1781 3958 inante
1825 3912 1879 3958 et
1919 3922 1952 3957 r
2078 3923 2107 3957 e
2136 3908 2421 3973 superbiae

1390 3976 1619 4042 imperto
1655 3978 1818 4028 nimie
1846 3989 1888 4041 g
2092 3980 2127 4027 t.
