2813 4537
297 815 352 865 51

286 2043 344 2092 52

402 284 484 346 62
516 304 525 325 ¹
962 322 971 332 .
1029 284 1114 338 DE
1151 282 1414 337 OFFICIIS
1450 282 1568 337 ΗΒ.
1591 283 1627 338 1.
1688 281 1831 336 CAP.
1862 284 1938 335 16.

398 461 893 525 communicando
923 458 1306 541 disceptando
1338 457 1651 520 iudicando
1681 454 1957 518 conciliat
2002 455 2157 516 inter
2188 473 2251 517 se
2280 454 2553 516 homines

399 547 829 628 coniungitque
875 544 1126 608 naturali
1172 543 1422 625 quadam
1468 543 1778 617 societate,
1827 560 2019 622 neque
2059 539 2181 603 ulla
2218 559 2283 602 re
2312 539 2582 643 longius,
2648 579 2660 590 ·

397 634 681 696 absumus
708 651 741 694 a
772 640 980 694 natura
1010 631 1299 703 ferarum,
1344 630 1410 690 in
1455 628 1715 710 quibus
1700 645 1894 689 messe
1924 626 2334 689 fortitudinem
2369 644 2546 707 saepe

399 719 683 792 dicimus,
714 725 781 779 ut
811 718 872 778 in
905 717 1092 797 equis,
1121 716 1184 778 in
1214 715 1516 790 leonibus,
1547 713 1863 788 iustitiam,
1894 713 2279 793 aequitatem,
2310 710 2549 773 bonita-

399 813 516 866 tem
549 821 672 865 non
703 803 988 865 dicimus.
1035 812 1175 864 sunt
1216 801 1377 863 enim
1419 800 1668 863 rationis
1709 806 1768 860 et
1797 797 2082 861 orationis
2111 804 2403 879 expertes,
2463 798 2548 860 Ao

395 889 677 952 latissime
720 889 955 968 quidem
998 895 1206 969 patens
1250 886 1593 949 bominibus
1637 885 1793 947 inter
1835 885 2031 965 ipsos,
2085 881 2363 945 omnibus
2392 882 2548 945 inter

397 993 604 1036 omnes
633 974 883 1035 societas
912 975 1058 1035 haec
1087 981 1206 1035 est:
1261 972 1322 1034 in
1356 990 1472 1053 qua
1503 970 1772 1033 ninnium
1799 988 2032 1044 rerum,
2078 987 2225 1051 quas
2265 969 2339 1031 ad
2383 986 2546 1030 eom·

395 1077 637 1122 munem
667 1059 977 1121 hominum
1007 1077 1183 1121 usum
1218 1067 1429 1121 natura
1459 1057 1687 1137 genuit,
1717 1065 1806 1118 est
1827 1055 2107 1117 servanda
2129 1053 2544 1129 communitae,

393 1155 491 1220 ut,
525 1163 675 1227 quae
704 1145 985 1242 diseripta
1015 1153 1157 1207 sunt
1187 1143 1417 1223 legibus
1447 1153 1505 1205 et
1533 1144 1663 1205 iure
1692 1141 1882 1217 civili,
1925 1143 2071 1203 haee
2099 1142 2181 1203 ita
2209 1147 2543 1215 teneantur,

394 1242 460 1293 ut
504 1239 596 1292 est
637 1230 1026 1292 constitutum
1068 1229 1301 1309 legibus
1341 1229 1520 1310 ipsis.
1569 1236 1762 1290 cetera
1805 1226 1892 1291 sie
1922 1227 2342 1302 observentur,
2383 1236 2451 1287 ut
2479 1226 2542 1287 in

395 1316 757 1378 Graecorum
812 1312 1124 1396 proverbio
1176 1323 1294 1390 est3
1350 1314 1698 1376 ‘amicorum
1752 1331 1879 1376 esse
1922 1312 2258 1377 eommunia
2304 1309 2540 1373 omnia’.

395 1399 679 1463 Omnium
707 1411 904 1463 autem
934 1401 1274 1463 eommunia
1301 1401 1612 1462 hominum
1643 1399 1917 1461 videntur
1947 1418 2046 1474 ea,
2090 1417 2240 1480 quae
2270 1406 2410 1459 sunt
2437 1414 2540 1476 ge·

392 1487 553 1548 neris
582 1487 740 1560 eine,
785 1487 944 1567 quod
986 1486 1059 1548 ab
1104 1485 1300 1547 Ennio
1343 1485 1602 1566 positum
1642 1484 1701 1546 in
1735 1502 1855 1546 una
1884 1503 1948 1546 re
1977 1483 2324 1546 transferri
2310 1502 2373 1544 ιιι
2404 1500 2539 1563 per-

390 1571 605 1634 multas
635 1580 856 1652 potest:

648 1671 867 1745 Homo,
900 1677 1002 1754 qui
1027 1676 1255 1735 erranti
1281 1674 1520 1734 comiter
1539 1674 1830 1733 monstrnt
1857 1674 2015 1733 viam
2030 1718 2045 1739 ‚

648 1756 837 1830 Quasi
865 1758 1059 1820 lumen
1089 1759 1154 1820 de
1181 1776 1286 1820 suo
1317 1757 1536 1819 lumine
1565 1756 1836 1819 accendet
1863 1755 2046 1834 facit:

649 1843 847 1905 Nihilo
876 1847 1072 1905 minus
1101 1847 1218 1925 ipsi
1244 1842 1418 1915 limet,
1463 1861 1596 1917 eum
1624 1841 1718 1904 illi
1745 1841 2076 1904 accenderit.

385 1946 515 2009 Una
544 1966 617 2008 ex
645 1965 710 2007 re
740 1947 881 2007 satis
910 1945 1226 2027 praecipit,
1269 1954 1368 2020 ut,
1411 1945 1693 2026 quidquid
1725 1945 1854 2006 sine
1884 1944 2240 2007 detrimento
2272 1962 2536 2006 commo-

387 2032 511 2094 dari
543 2031 762 2112 possit,
792 2031 851 2092 id
881 2031 1175 2093 tribuatur
1201 2029 1293 2092 vel
1322 2031 1549 2110 ignote.
1611 2031 1699 2091 Ex
1729 2048 1847 2110 quo
1879 2040 2018 2093 sunt
2046 2029 2144 2091 illa
2176 2030 2534 2104 eommunia,

456 2188 502 2234 4.
540 2184 602 2232 in
635 2185 800 2247 equis,
838 2184 898 2232 in
936 2181 1101 2234 leon„-
1153 2180 1281 2233 iiber
1315 2180 1406 2234 das
1511 2185 1675 2233 const.
1703 2181 1977 2246 legibus-
1997 2182 2356 2245 observentur,
2389 2186 2455 2232 ut
2472 2184 2536 2232 in

384 2248 688 2318 Asyndeton
724 2265 764 2303 8.
801 2265 845 2304 z.
884 2249 1026 2318 §43
1503 2252 1792 2318 proverbio
1828 2255 1916 2301 est.

454 2322 773 2371 bonitatem.-
820 2319 867 2372 d.
905 2319 939 2371 i.
990 2319 1408 2385 beneficentiaaen,
1564 2322 1642 2372 11.
1656 2318 2367 2398 Graeeommproverbium:
2375 2318 2538 2372 Arist.

383 2390 788 2453 benignitatem,
845 2387 1248 2454 liberalitatem,
1300 2387 1406 2454 vgl.

384 2455 615 2522 dagegen
652 2455 685 2522 ξ
724 2458 837 2509 118.

451 2527 500 2577 9.
539 2524 831 2592 discripta.-
865 2526 1158 2576 discribere
1190 2524 1263 2577 ist
1295 2524 1409 2575 die-

383 2595 675 2713 tm'butlione
707 2591 856 2653 faeta
881 2596 1163 2659 assignare
1184 2592 1405 2659 singula

378 2665 540 2727 singu
562 2679 609 2711 ιε

447 2736 664 2796 atquae
680 2730 841 2782 diser.
859 2730 1289 2781 -ιοὸεενυωιίιιν
1314 2728 1405 2781 der

379 2797 622 2850 Gedanke
646 2798 742 2850 ist:
777 2796 871 2849 Die
896 2797 1279 2850 Gemeinsehaft
1314 2797 1403 2850 der

376 2881 481 2918 von
504 2865 593 2917 der
612 2865 775 2917 Natm·
799 2880 865 2917 zu
888 2864 1285 2931 gemeinsamem
1306 2864 1404 2919 Ge-

375 2932 569 2986 braueh
594 2932 925 2985 bestimmten
949 2932 1114 2998 Dinge
1149 2934 1219 2987 ist
1250 2948 1313 2985 so
1339 2950 1402 2986 zu

373 3001 668 3064 bewahren‚
698 3000 817 3053 dass
845 3001 940 3053 wir
958 3001 1032 3054 sie
1050 3029 1119 3038 —
1150 3001 1398 3054 wahrend

374 3069 469 3122 mit
503 3069 619 3122 dem
642 3067 1117 3136 Privateigenthum
1140 3070 1272 3123 nach
1296 3069 1396 3123 den

372 3137 720 3259 gesetzliehen
750 3136 1170 3206 Bestimmungen
1194 3154 1260 3191 zu
1282 3154 1397 3191 ver-

425 3207 632 3261 hrenist
722 3206 1395 3271 behendeln‚wie1·'reunde

336 3273 342 3278 ’
370 3280 520 3328 unter
554 3275 797 3328 einander
829 3276 975 3329 ihren
992 3274 1166 3329 Besitz
1202 3275 1395 3328 belun-

370 3343 519 3407 deln,
554 3342 602 3395 d.
637 3342 688 3397 h.
724 3343 843 3397 dass
878 3345 974 3398 wir
1006 3344 1084 3397 sie
1128 3344 1262 3398 ohne
1296 3343 1396 3397 Be-

369 3411 786 3478 eintriehtigung
820 3411 1062 3465 einander
1086 3412 1393 3475 mitthseilen.

367 3478 467 3533 Der
519 3484 656 3533 erste
714 3478 836 3533 Satz
888 3496 1026 3546 quae
1075 3482 1236 3533 diser.
1268 3487 1399 3533 sunt

368 3548 522 3602 sollte
559 3548 716 3601 daher
739 3547 854 3601 dem
879 3548 1155 3616 folgenden
1181 3554 1277 3602 eet.
1298 3553 1395 3602 sie.

545 3616 636 3671 der
671 3617 770 3670 den
808 3616 1250 3739 Ηιιιιμςειέειιζειι
1283 3622 1396 3670 ent-

1103 3700 1128 3736 r
1156 3685 1225 3739 ist
1249 3701 1396 3739 coor-

366 3621 504 3751 figit,
534 3685 847 3740 subordinirt
874 3699 983 3738 sein

368 3726 1211 3819 dinir'twie153.84.119.11
1247 3754 1391 3822 §17-

364 3820 459 3875 Die
493 3821 709 3876 Perinde
753 3823 941 3877 beruht
986 3824 1098 3877 also
1140 3823 1232 3877 auf
1274 3822 1393 3876 dem

367 3891 645 3959 doppelten
691 3890 1011 3958 Gegensatze
1059 3907 1196 3957 quae
1229 3893 1391 3944 diser.

363 3965 491 4011 sunt
508 3988 553 3998 —
577 3964 752 4011 cetera
771 3959 875 4012 und
894 3965 1192 4028 teneantur,
1225 3966 1292 4013 ut
1312 3966 1391 4013 est

1509 2387 1611 2440 eth.
1648 2387 1759 2440 Nic.
1797 2385 1903 2437 VIII
1943 2390 1995 2439 11
2048 2390 2140 2439 καὶ
2186 2379 2221 2451 ἦ
2264 2390 2534 2459 παροιμία

1507 2449 1684 2576 ’κοιινά
1715 2450 1787 2507 τὰ
1821 2446 2012 2537 oolloenf'
2050 2450 2258 2524 ὀρθῶς.

1614 2526 1766 2644 3.(ιέ
1736 2527 1932 2575 osimm
1965 2527 2026 2574 in
2057 2540 2170 2576 una
2204 2540 2292 2589 re,
2336 2522 2429 2576 das
2466 2538 2532 2576 an

1506 2529 1676 2713 enilnlem
1740 2591 1951 2660 eispiele
1975 2592 2275 2660 ausgestellt
2292 2592 2385 2653 ist;
2421 2592 2528 2658 vgl.

1613 2661 1746 2728 §19
1799 2660 2030 2727 exempli
2081 2677 2243 2716 cauea
2290 2666 2533 2727 ponatur

1508 2729 1758 2795 aliquid,
1779 2730 1925 2795 quod
1953 2734 2142 2796 pateat
2176 2730 2355 2782 latius.

1579 2801 1657 2852 15.
1696 2798 1881 2863 Homo,
1916 2801 2012 2863 qui
2042 2815 2148 2850 err.
2184 2797 2259 2850 Zu
2276 2796 2530 2850 welchem

1509 2865 1703 2920 Stfieke
1739 2865 1831 2919 des
1863 2836 2060 2919 'Ennium
2108 2866 2220 2919 dies
2254 2866 2530 2934 Fragment

1542 2935 1707 3000 ehfirt,
1732 2933 1862 2988 lisst
1879 2935 1991 2988 sich
2016 2935 2159 2989 nieht
2177 2934 2527 2989 entseheiden.

1545 3002 1733 3055 'bbeok
1767 3007 1895 3070 trag.
1920 3003 2029 3057 Lat.
2054 3019 2104 3072 p.
2126 3005 2225 3057 264
2256 3006 2300 3056 1.
2321 3003 2385 3057 A.
2419 3002 2528 3057 und

1498 3071 1631 3125 nach
1655 3072 1760 3123 ihm
1783 3070 1984 3124 Vahlen
2003 3072 2153 3125 Ennii
2179 3072 2360 3126 sr.140
2382 3072 2530 3125 rech-

1499 3155 1597 3192 nen
1623 3155 1681 3194 es
1700 3140 1836 3193 ohne
1860 3141 2071 3194 rechten
2091 3139 2266 3194 Grund
2290 3155 2407 3193 zum
2435 3140 2529 3191 Te-

1499 3208 1713 3276 lephus;
1753 3208 1859 3275 vgl.
1885 3208 1967 3261 die
1986 3208 2148 3262 Verse
2171 3208 2263 3262 des
2279 3207 2527 3289 Diphilus

1498 3292 1542 3330 z.
1578 3276 1641 3328 111
1675 3279 1707 3343 ξ
1733 3280 1816 3330 55.
1851 3275 1955 3329 Das
1988 3278 2174 3330 zweite
2210 3293 2242 3329 o
2277 3278 2332 3329 in
2366 3279 2523 3329 homo

1496 3344 1567 3398 ist
1609 3345 1733 3412 lang
1783 3345 2093 3413 gebraucht‚
2142 3346 2244 3398 wie
2279 3347 2334 3397 in
2380 3360 2527 3397 unus

1499 3415 1655 3465 homo
1690 3415 1846 3464 nobis
1881 3415 2183 3466 cunctando
2218 3419 2316 3467 eet.

1573 3485 1652 3537 16.
1686 3497 1785 3534 suo
1820 3482 1891 3534 ist
1928 3482 2169 3549 einsilbig
2203 3497 2270 3535 zu
2304 3482 2463 3535 lesen.

1573 3553 1649 3604 18.
1675 3551 1790 3605 Una
1809 3568 1880 3602 σω
1893 3567 1956 3602 re
1964 3553 2253 3618 praecipit,
2271 3566 2336 3604 an
2353 3550 2524 3603 einem

1497 3617 1617 3672 Beis
1655 3618 1756 3672 iele
1785 3618 2014 3673 schreibt
2032 3634 2088 3672 er
2104 3635 2213 3673 vor.
2269 3636 2339 3672 ex
2361 3618 2520 3685 steht,

1497 3687 1613 3740 inso
1637 3703 1727 3740 ern
1745 3703 1840 3741 aus
1852 3686 1969 3740 dem
1981 3688 2248 3741 einzelnen
2262 3658 2521 3754 Beispiele

1496 3755 1580 3808 die
1623 3755 1929 3824 allgemeine
1964 3754 2252 3809 Vorsehrift
2296 3772 2363 3809 zu
2406 3760 2519 3808 ent-

1495 3825 1715 3878 nehmen
1749 3825 1846 3892 ist,
1896 3824 1999 3878 wie
2034 3828 2344 3890 aestimare,
2378 3823 2525 3875 iudi-

1494 3909 1635 3960 care,
1666 3865 1973 3961 ponderare
2006 3910 2078 3945 σω
2121 3900 2305 3961 gesagt
2338 3892 2485 3945 wird.

1564 3964 1643 4015 19.
1682 3966 2012 4029 eommunia,
2047 3961 2322 4030 augemein
2366 3976 2525 4029 augea

2526 1683 2643 1734 -15
