2813 4537
397 295 521 359 134

987 298 1072 352 DE
1109 297 1369 352 OFFICIIS
1404 297 1522 351 ΗΒ.
1551 296 1607 351 11.
1680 296 1822 350 CAP.
1843 300 1890 351 6.
1930 299 1979 351 7.

396 492 544 556 quas
572 482 941 555 proponunt,
972 482 1071 535 ant
1100 481 1404 554 postremo
1448 471 1701 554 pretio
1740 489 1808 532 ac
1844 488 1904 530 m
1923 469 2144 531 erced
2163 488 2196 530 e
2225 468 2545 544 ducuntur,

394 579 546 640 quae
587 559 985 622 sordidissima
1030 568 1119 620 est
1159 557 1259 619 illa
1304 558 1541 638 quidem
1576 556 1726 618 ratio
1767 563 1824 616 et
1861 554 2331 636 inquinatissima
2361 561 2421 615 et
2449 554 2544 629 iis,

289 656 351 708 22
396 646 498 725 qui
530 663 594 707 ea
625 652 926 719 tenentur,
971 652 1031 705 et
1058 643 1194 717 illis,
1240 644 1342 723 qui
1373 643 1444 704 ad
1478 660 1604 705 eam
1645 642 1967 719 confugere
2009 651 2319 701 conantur.
2392 638 2545 700 Male

395 730 554 792 enim
585 748 649 791 se
678 749 774 801 res
800 727 996 805 habet,
1042 748 1197 803 cum,
1245 729 1403 808 quod
1434 728 1650 789 virtute
1685 726 1838 788 effici
1883 726 2076 800 debet,
2120 725 2178 786 id
2220 731 2544 805 temptatur

393 815 664 896 pecunia.
711 814 826 876 Sed
858 815 1137 895 quoniam
1164 828 1282 874 non
1317 830 1638 893 numquam
1661 814 1778 873 hoc
1799 811 2121 873 subsidium
2147 809 2545 871 necessarium

393 908 503 975 est,
535 919 711 980 quem
740 900 811 961 ad
841 900 1082 962 modum
1115 899 1190 961 sit
1218 899 1505 960 utendum
1538 916 1607 958 eo
1641 898 1924 973 dicemuS,
1966 897 2015 957 si
2046 895 2214 976 prius
2244 896 2315 956 iis
2343 895 2416 955 de
2443 914 2542 955 re-

391 985 524 1060 buS‚
568 1004 720 1066 qnae
745 985 948 1046 virtuti
984 985 1295 1066 propiores
1336 992 1499 1058 sunt,
1543 982 1879 1044 dixerimus.
1954 983 2145 1061 Atque
2176 981 2349 1042 etiam
2379 979 2544 1041 subi-

392 1072 558 1133 ciunt
587 1088 651 1131 se
678 1070 952 1131 homines
979 1070 1227 1151 imperio
1257 1069 1503 1131 alterius
1532 1076 1590 1129 et
1617 1066 1898 1149 potestati
1928 1067 1999 1127 de
2029 1066 2221 1128 causis
2249 1065 2541 1147 pluribus.

390 1155 706 1218 Ducuntur
734 1155 893 1216 enim
925 1164 1024 1217 aut
1057 1154 1465 1217 benevolentia
1491 1163 1550 1215 et
1571 1153 1992 1215 beneficiorum
2011 1152 2421 1230 magnitudine
2443 1156 2544 1212 ant

391 1241 692 1339 dignitatis
732 1242 1088 1321 praestantia
1129 1250 1228 1302 ant
1270 1259 1379 1322 spe
1420 1239 1529 1301 sibi
1577 1240 1633 1301 id
1674 1237 1818 1300 utile
1855 1239 2117 1299 fut-nrum
2149 1245 2251 1298 ant
2277 1244 2436 1297 metu
2467 1253 2576 1318 neq„

389 1343 446 1386 vi
477 1344 685 1406 parere
714 1337 1005 1405 cogantur
1031 1335 1131 1388 aut
1160 1345 1266 1407 spe
1294 1324 1625 1406 largitionis
1662 1324 2088 1406 promissisque
2115 1322 2272 1403 capti
2303 1330 2403 1383 aut
2431 1340 2542 1402 po-

393 1418 635 1487 stremo,
667 1419 733 1472 ut
761 1430 936 1492 saepe
969 1412 1028 1473 in
1063 1422 1260 1473 nostra
1292 1430 1356 1473 re
1377 1409 1615 1493 publica
1635 1410 1919 1484 videmus,
1948 1409 2218 1470 mercede
2241 1407 2540 1468 conducti.

564 1495 847 1557 Omnium
886 1507 1083 1558 autem
1128 1515 1323 1558 rerum
1382 1515 1497 1557 nec
1546 1495 1742 1575 aptius
1785 1502 1875 1555 est
1916 1494 2231 1574 quicquam
2278 1493 2349 1552 ad
2395 1509 2542 1573 opes

392 1666 546 1728 clare
577 1667 735 1727 enim
766 1666 1026 1728 Ennius:

285 1583 347 1635 23
389 1582 638 1643 tuendas
668 1600 736 1642 ac
765 1583 1052 1643 tenendas
1082 1600 1257 1662 quam
1289 1580 1452 1661 diligi
1484 1598 1595 1642 nec
1624 1579 1873 1641 alienius
1897 1597 2072 1660 quam
2102 1578 2317 1639 timeri.
2361 1577 2540 1639 Prae·

569 1751 757 1823 Quem
799 1763 1064 1814 metuunt
1108 1752 1382 1814 oderunt:
1427 1770 1593 1831 quem
1636 1753 1867 1831 quisque
1896 1750 2015 1810 odit
2037 1751 2276 1828 periisse
2304 1748 2537 1827 impetit.

390 1836 708 1899 Multorum
740 1846 934 1899 autem
979 1837 1130 1898 odiis
1166 1836 1360 1898 nullas
1390 1854 1537 1916 opes
1567 1852 1742 1916 posse
1772 1834 2080 1907 obsistere,
2127 1833 2177 1893 si
2218 1840 2388 1894 antea
2428 1832 2541 1892 suit

389 1922 682 2002 ignotum,
728 1941 922 2003 nuper
965 1931 1054 1984 est
1081 1921 1406 2001 cognitum.
1482 1920 1603 1982 Nec
1645 1937 1782 1980 vero
1826 1919 2006 1981 huius
2048 1918 2281 1998 tyranni
2325 1918 2538 1991 solum,

390 2025 567 2088 quem
597 2007 774 2070 armis
804 2026 1084 2088 oppressa
1115 2005 1591 2088 pertulit'civitas
1618 2013 1904 2087 paretque
1934 2021 2071 2064 cum
2098 2003 2349 2064 maxime
2377 2006 2542 2063 mor*

458 2142 505 2192 2.
525 2155 663 2205 quae
678 2145 756 2190 est
769 2169 809 2178 -
825 2140 920 2191 illa
937 2140 1167 2207 quidem,
1187 2139 1413 2192 welches

390 2206 588 2259 sreilich
613 2235 656 2244 -
688 2208 773 2261 ist.
811 2223 852 2261 s,
887 2224 930 2260 z.
965 2207 1027 2259 111
1061 2207 1094 2275 ξ
1115 2211 1144 2261 3
1181 2224 1291 2259 non
1315 2207 1413 2258 illo

388 2277 616 2342 quidem.

457 2347 506 2398 9.
541 2344 847 2397 Ducuntur.
899 2344 1173 2397 Dieselben
1207 2342 1413 2396 Grunde

389 2412 597 2466 werden
630 2412 684 2463 in
706 2412 898 2465 breiter
919 2410 1093 2465 Weise
1117 2428 1233 2465 zum
1258 2411 1415 2463 zwei-

389 2484 480 2533 ten
513 2480 647 2532 Male
680 2480 967 2548 angefuhrt.
1022 2480 1140 2533 Man
1175 2480 1411 2544 beachte,

389 2548 490 2601 wie
536 2548 618 2601 die
653 2548 820 2602 Verba
869 2550 1020 2615 duci,
1069 2553 1220 2615 cogi,
1269 2552 1409 2615 capi,

388 2618 620 2669 conduci
653 2615 751 2669 den
768 2616 998 2670 Motiven
1034 2616 1409 2684 entsprechend

386 2685 615 2752 gewahlt
650 2683 780 2738 sind.

456 2753 834 2816 beneficiorum
860 2753 1237 2818 magnitudine
1269 2751 1409 2804 kann

387 2820 555 2872 neben
591 2821 958 2871 benevolentia
1002 2820 1145 2872 nicht
1189 2824 1284 2886 gut
1330 2820 1408 2871 als

387 2887 764 2952 selbstandiges
788 2887 935 2939 Glied
960 2887 1254 2954 ausgesnhrt
1278 2903 1411 2940 wer-

389 2954 510 3007 den:
527 2970 583 3007 es
595 2955 879 3022 entspricht
892 2955 926 3022 §
935 2958 996 3007 21
1014 2955 1412 3006 benevolentiae

378 3025 599 3088 gratia,
627 3038 747 3074 eum
767 3022 844 3074 ali
877 3039 950 3074 ua
968 3022 1033 3073 de
1051 3039 1213 3074 eausa
1233 3039 1411 3088 quem-

379 3090 805 3157 piam-diligunt.
901 3106 957 3143 as
991 3091 1410 3158 vorhergehende

388 3158 639 3279 ἕὲιξᾶῃῖνίρ
675 3159 756 3279 dite
791 3158 965 3279 11ᾶὲεῇ
967 3159 1140 3279 fleil-azben
1152 3165 1409 3280 ‚rdmusste

599 3244 651 3280 in
686 3245 715 3277 e
773 3243 929 3280 veran
1080 3243 1161 3280 we
1223 3243 1304 3282 en.

458 3297 537 3349 12.
587 3296 838 3348 videmus.
909 3296 1011 3349 Cic.
1060 3296 1221 3348 denkt
1265 3296 1406 3349 wohl

386 3363 684 3430 vorziiglich
704 3379 766 3415 an
785 3362 1055 3430 AntoniuS‚
1080 3364 1170 3416 der
1187 3365 1269 3417 die
1288 3365 1409 3417 ehe-

385 3430 609 3497 maligen
666 3431 912 3484 Soldaten
971 3432 1182 3486 Caesars
1246 3431 1405 3485 durch

385 3498 515 3553 Geld
549 3500 631 3552 sur
665 3499 774 3552 sich
810 3515 871 3552 zn
897 3500 1170 3566 gewinnen
1194 3505 1405 3567 wusste,

379 3568 509 3621 aber
557 3568 687 3621 anch
741 3583 806 3619 an
856 3568 1016 3621 Lente
1061 3569 1160 3621 wie
1197 3568 1405 3621 Clodius

385 3636 490 3689 und
535 3635 687 3703 Milo,
746 3634 827 3688 die
870 3636 940 3688 im
974 3636 1226 3691 Interesse
1272 3636 1408 3689 ihrer

383 3701 554 3756 Partei
588 3704 1115 3757 Gladiatorenbanden
1161 3704 1371 3758 hielten.

459 3775 535 3827 13.
561 3771 629 3825 Es
653 3772 781 3825 wird
809 3773 1030 3840 gezeigt,
1062 3773 1163 3826 wie
1184 3789 1271 3826 nm
1295 3772 1406 3826 sich

381 3837 476 3891 der
487 3838 636 3892 Hulfe
649 3841 752 3893 und
764 3840 1171 3908 Dienstleistnng
1189 3841 1279 3894 der
1288 3840 1409 3894 Mitd·

385 3907 662 3960 menschen
697 3922 759 3960 zu
784 3908 1075 3962 versichern
1111 3910 1194 3963 die
1218 3910 1408 3962 Furcht

379 3975 470 4027 ein
502 3976 948 4043 unzuverliissiges
987 3976 1158 4030 Mittel
1202 3977 1406 4032 sowohl

1514 2140 1597 2192 fiir
1629 2138 1872 2190 Einzelne
1908 2137 1985 2189 als
2020 2137 2102 2189 fiir
2138 2135 2351 2187 Stanten
2388 2135 2459 2186 ist
2493 2163 2538 2173 -

1514 2208 1547 2275 ξ
1568 2210 1647 2260 29.
1705 2207 1822 2258 Alle
1855 2204 2112 2258 brauchen
2150 2202 2537 2268 Freundschaft‚

1513 2277 1637 2329 aber
1673 2276 1813 2328 nicht
1838 2275 1937 2326 alle
1962 2273 2052 2326 das
2070 2271 2420 2326 Wohlwollen
2447 2272 2538 2324 der

1512 2342 1699 2411 Menge
1721 2345 1750 2406 ξ
1774 2347 1854 2396 30.
1890 2341 2059 2395 Ueber
2075 2341 2166 2393 das
2185 2339 2537 2394 Wohlwollen

2585 1248 2645 1330 -19

2584 1674 2644 1725 15

1514 2412 1643 2464 wird
1688 2411 1822 2463 dann
1870 2411 1922 2462 in
1970 2410 2086 2462 dem
2121 2408 2398 2476 folgenden
2434 2408 2539 2459 Ab-

1514 2480 1740 2533 schnitte
1776 2479 2121 2547 gesprochen,
2157 2493 2197 2531 s.
2234 2492 2278 2530 z.
2315 2477 2349 2544 ξ
2368 2480 2448 2529 31.

1585 2552 1663 2601 16.
1701 2548 1865 2612 Quem
1900 2550 2161 2599 metuunt.
2203 2544 2330 2598 Dem
2364 2545 2537 2612 Thye-

1511 2621 1618 2669 stes
1654 2616 1745 2668 des
1761 2614 1955 2667 Ennius
1988 2615 2099 2681 legt
2132 2613 2365 2665 Ribbeck
2404 2618 2533 2679 trag.

1510 2685 1617 2737 Lat.
1653 2684 1744 2736 rel.
1784 2700 1835 2752 p.
1872 2686 1971 2737 268
2017 2683 2194 2735 diesen
2227 2681 2357 2733 Vers
2393 2680 2534 2733 wohl

1510 2753 1602 2804 mit
1637 2752 1801 2804 Reeht
1833 2751 1935 2803 bei.
2006 2750 2123 2816 Vgl.
2172 2749 2254 2802 die
2304 2754 2536 2817 entspre·

1511 2820 1706 2873 chende
1743 2819 1995 2885 Sentenz‚
2032 2819 2114 2871 die
2149 2817 2171 2869 1
2206 2818 2240 2885 ξ
2277 2821 2341 2870 97
2380 2831 2537 2883 ange-

1509 2888 1651 2940 fuhrt
1684 2887 1827 2939 wird.

1584 2959 1662 3009 17.
1699 2956 1994 3007 Multorum
2030 2955 2169 3005 odiis
2193 2983 2233 2992 -
2252 2969 2426 3019 nuper
2458 2957 2538 3003 est

1511 3027 1803 3091 cognitum.
1843 3022 1913 3075 So
1938 3027 2054 3089 sagt
2078 3021 2180 3075 Cic.
2205 3037 2325 3074 vom
2350 3016 2537 3072 Stand-

1509 3091 1707 3159 pnnkte
1729 3090 1896 3144 seiner
1913 3090 2084 3143 Partei
2098 3130 2113 3155 ,
2137 3089 2380 3142 wahrend
2399 3087 2534 3140 doch

1511 3161 1594 3212 die
1649 3159 1970 3226 Ermordnng
2022 3158 2233 3211 Gaesars
2291 3173 2388 3209 nur
2440 3156 2532 3208 das

1510 3228 1670 3281 Werk
1689 3227 1931 3294 weniger,
1966 3227 2185 3279 zumeist
2201 3241 2305 3278 von
2361 3227 2535 3276 (πεδη-

1507 3296 1680 3348 lichen
1695 3296 1934 3348 Motiven
1968 3295 2289 3348 bestimmter
2378 3293 2536 3344 annet

1511 3378 1633 3430 war,
1671 3364 1775 3416 und
1812 3362 1894 3416 die
1929 3362 2206 3430 folgenden
2239 3360 2533 3428 Ereignisse

1509 3433 1730 3568 {affige}
1742 3433 1843 3554 virge
1856 3431 1947 3485 das
1959 3430 2096 3483 Volk
2106 3430 2322 3483 dariiber
2332 3429 2533 3483 dachte.

1582 3571 1660 3622 19.
1716 3585 1837 3620 cum
1881 3570 2118 3619 maxime
2162 3566 2409 3619 bedentet
2450 3583 2535 3617 nr-

1508 3637 1988 3773 ?''ifll'fffi‘i'r'effr‘ii
2002 3636 2076 3757 ²¹13
2106 3633 2227 3755 ἳέῗ
2241 3649 2377 3753 ’ἑέῶἔ
2389 3648 2535 3754 ὶῗιὲἑ

1688 3746 1700 3758 .
1885 3745 1898 3758 .
2079 3742 2092 3768 ,

1507 3775 1745 3825 maxime
1781 3786 2216 3839 cognosceremus
2242 3799 2278 3806 -
2311 3775 2535 3837 repente

1510 3843 1836 3908 adspicimus
1870 3841 2084 3895 lituras.
2133 3840 2242 3891 Ans
2278 3837 2367 3891 der
2402 3837 2533 3890 Con-

1501 3910 1741 3974 jnnction
1758 3908 1885 3961 wird
1904 3909 1987 3960 ein
2001 3906 2310 3961 Adverbinm
2325 3921 2426 3958 von
2442 3904 2532 3956 der

1507 3971 2531 4044 Bedentnnghocmaoeimetmnpore,das
