2813 4537
12 1220 182 1292 ἰο

847 288 931 343 DE
969 288 1229 343 OFFICIIS
1267 289 1384 344 LIB.
1420 289 1455 345 Ι.
1529 290 1670 346 GAP.
1707 294 1754 346 9.

2303 290 2387 353 49

226 478 342 522 nec
387 460 581 522 facere
625 463 900 544 cuiquam
942 462 1249 526 videantur
1287 462 1600 525 iniuriam:
1634 465 1737 545 qui
1766 464 1949 527 altero
1980 462 2200 549 genere
2228 467 2389 531 iniu-

227 544 421 607 stitiae
450 556 676 622 vacant,
706 549 768 610 in
802 547 1054 611 alterum
1082 549 1419 610 incurrunt.

1506 548 1802 612 Deserunt
1835 550 1992 613 enim
2022 552 2174 615 vitae
2195 554 2390 616 socie·

228 639 433 707 tatem,
480 632 617 712 quia
667 633 810 696 nihil
843 634 1161 697 conferunt
1187 634 1250 695 in
1283 652 1412 695 eam
1442 634 1643 711 studii,
1675 635 1824 697 nihil
1855 654 2089 718 operae,
2123 638 2270 703 nihil
2299 639 2386 702 fa-

228 717 533 779 cultatum.

233 888 245 898 ·
379 801 649 900 ‘Quando
686 804 869 885 igitur
909 804 1144 868 duobus
1185 802 1505 884 generibus
1550 803 1873 868 iniustitiae
1915 810 2241 889 propositis
2284 809 2386 872 ad·

228 906 533 951 iunximus
561 907 766 952 causas
795 890 1108 973 utriusque
1137 889 1373 971 generis
1404 907 1623 970 easque
1651 908 1747 952 res
1774 899 1915 953 ante
1945 893 2386 970 constituimuS,

228 972 449 1053 quibus
474 974 697 1051 iustitia
726 976 1156 1052 contineretur,
1185 974 1356 1037 facile
1379 975 1539 1056 quod
1562 975 1852 1056 cuiusque
1881 978 2167 1059 temporis
2197 980 2386 1042 offlei-

228 1077 332 1120 um
372 1059 448 1121 sit
490 1060 850 1140 poterimus,
897 1060 1012 1124 nisi
1057 1068 1291 1124 nosmet
1332 1060 1498 1142 ipsos
1535 1060 1701 1123 valde
1732 1061 2076 1139 amabimus,
2107 1064 2384 1128 iudicare.
2430 1077 2489 1127 30

228 1143 336 1206 Est
363 1145 522 1207 enim
553 1145 808 1209 difficilis
837 1166 978 1210 cura
1007 1166 1206 1209 rerum
1235 1145 1580 1208 alienarum.
1668 1144 2034 1228 Quamquam
2080 1148 2384 1213 Terentia-

230 1247 343 1292 nus
373 1230 473 1291 ille
504 1229 785 1294 Chremes
810 1226 1080 1296 ‘humani
1110 1231 1258 1295 nihil
1280 1249 1312 1293 a
1335 1250 1399 1294 se
1429 1230 1689 1293 alienum
1719 1239 1930 1313 putat‘.
2020 1234 2137 1296 Sed
2156 1243 2384 1315 tamen,

230 1315 367 1396 quia
416 1315 604 1394 magis
647 1335 713 1380 ea
757 1318 1124 1400 percipimus
1163 1326 1340 1399 atque
1385 1316 1692 1393 sentimus,
1725 1336 1875 1398 quae
1907 1318 2256 1403 nobisipsis
2286 1330 2386 1384 aut

227 1418 514 1482 prospera
545 1409 646 1464 aut
675 1404 913 1466 adversa
937 1404 1240 1480 eveniunt,
1265 1420 1442 1483 quam
1465 1402 1582 1477 illa,
1611 1420 1761 1483 quae
1784 1403 2015 1481 ceteris,
2042 1424 2193 1486 quae
2217 1407 2384 1488 quasi

227 1485 410 1566 longo
441 1486 749 1551 intervallo
778 1489 1091 1552 interiecto
1122 1489 1408 1564 videmus,
1435 1487 1607 1550 aliter
1636 1488 1709 1550 de
1737 1488 1857 1550 illis
1885 1507 1954 1551 ac
1982 1490 2057 1552 de
2088 1491 2261 1553 nohis
2290 1492 2385 1554 iu·

226 1571 509 1634 dicamus.
576 1571 867 1644 Quocirca
894 1575 1051 1637 hene
1079 1573 1455 1657 praecipiunt
1484 1573 1586 1654 qui
1614 1582 1814 1637 vetant
1843 1574 2160 1656 quicquam
2189 1596 2384 1657 agere,

298 1728 344 1779 1.
392 1740 494 1777 nec
536 1724 721 1787 facere
756 1728 1007 1791 cuiquam
1041 1727 1258 1778 videan-

230 1799 336 1845 tur.
409 1792 502 1846 Die
536 1793 685 1847 Hdss.
722 1793 891 1846 haben
927 1794 1145 1848 zumeist
1189 1811 1257 1846 ne

225 1860 266 1923 sl
305 1877 350 1913 c.
384 1878 463 1926 v.;
499 1861 592 1915 das
627 1861 822 1927 wiirde,
858 1862 1117 1928 abhiingig
1152 1878 1256 1915 von

228 1930 432 1996 dicant,
468 1930 732 1983 entweder
766 1930 850 1982 die
877 1929 1096 1983 Absicht
1132 1930 1257 1985 oder

226 1997 328 2051 den
362 1997 625 2052 Vorwand
676 1999 936 2066 angeben,
992 2000 1089 2053 mit
1136 1999 1255 2053 dem

228 2067 348 2131 jene
384 2067 542 2120 Lente
576 2067 686 2120 ihre
710 2066 1254 2148 Zuruckgezogenheit

225 2135 643 2203 entschuldigem
682 2135 804 2188 aher
833 2135 918 2187 die
940 2135 1160 2188 Absmht
1183 2135 1253 2189 ist

223 2203 387 2256 schon
413 2203 572 2257 durch
593 2204 772 2255 studio
807 2233 838 2242 —-
868 2204 994 2256 odio
1019 2204 1256 2257 bezeich-

225 2276 340 2335 ηας
402 2271 501 2327 den
549 2272 810 2326 Vorwand
856 2288 922 2326 zu
977 2275 1253 2327 erwiihneu

223 2340 354 2408 liegt
389 2339 510 2394 kein
546 2341 721 2394 Grund
755 2357 863 2394 vor.

295 2413 392 2475 qui
413 2410 582 2461 altero
609 2414 707 2464 cet.
763 2409 833 2463 Es
869 2409 967 2476 gilt
1003 2409 1112 2462 also
1149 2424 1254 2461 von

223 2477 381 2529 ihnen
406 2477 644 2531 desselbe
680 2478 781 2530 wie
816 2494 918 2531 von
958 2477 1057 2530 den
1080 2477 1254 2531 Philo·

223 2545 562 2667 wervi?
578 2560 694 2667 ..¹23¹
706 2545 890 2682 §2233
912 2546 1010 2666 1⁶3?
1031 2544 1255 2667 333⁶&

224 2681 508 2735 meinwohl
545 2683 854 2750 abgehalten
892 2680 1114 2735 werden.

295 2754 343 2803 5.
408 2750 666 2815 Quando.-
719 2751 810 2803 der
844 2748 1111 2803 Gebrauch
1147 2765 1252 2801 von

224 2818 444 2885 quando
483 2819 564 2871 fiir
589 2822 844 2885 quoniam
878 2820 947 2871 ist
975 2817 1142 2870 selten
1165 2816 1251 2869 bei

223 2886 329 2940 Cic.
345 2885 450 2939 und
463 2886 643 2940 immet
654 2887 744 2941 hat
757 2902 815 2940 es
827 2886 941 2939 eine
953 2886 1253 2953 Beziehung

224 2953 320 3008 auf
351 2953 435 3006 die
471 2954 608 3007 Zeit:
646 2954 710 3007 da
738 2956 902 3020 jetzt;
963 2971 1003 3008 s.
1039 2954 1080 3007 11
1115 2955 1249 3022 558.

296 3027 345 3075 7.
385 3026 640 3089 cuiusque
677 3027 956 3091 temporis,
993 3024 1047 3075 in
1074 3022 1251 3087 jedem

223 3089 388 3157 Folle,
425 3092 458 3158 5
481 3093 562 3145 31.
600 3094 682 3145 59.
722 3094 834 3145 159.

296 3162 344 3213 8.
405 3165 608 3212 uomet
663 3162 807 3227 ipsos
843 3187 891 3198 -
927 3161 1254 3211 amabimus.-

223 3226 318 3279 der
349 3226 621 3281 Ausdruck
653 3228 902 3283 bedentet
936 3227 1115 3294 theils,
1151 3229 1253 3278 wie

222 3295 353 3361 hier,
388 3296 739 3364 ‘eigenniitzig
764 3297 908 3362 sein’,
945 3295 1099 3348 theils
1133 3297 1254 3347 ‘von

223 3363 341 3416 sich
367 3364 683 3432 eingebildet
708 3364 848 3418 sein’.
904 3363 969 3416 ad
993 3363 1164 3425 Quint.
1191 3363 1252 3416 fr.

220 3430 286 3483 111
325 3434 374 3497 8,
411 3436 445 3486 4
487 3449 647 3499 quam
679 3449 737 3484 se
772 3435 885 3500 ipse
919 3447 1107 3485 amam
1138 3434 1255 3482 sine

220 3499 412 3551 rivali.
459 3502 524 3553 ad
557 3501 664 3554 Att.
700 3500 769 3554 lv
809 3504 888 3566 16,
917 3503 976 3553 10
1014 3505 1065 3551 et
1096 3504 1157 3551 in
1192 3515 1252 3551 eo

221 3583 309 3619 me
343 3569 500 3620 valde
534 3585 672 3621 amo.
742 3569 890 3622 Auch
936 3585 991 3620 se
1027 3568 1254 3634 diligere

220 3636 317 3689 het
354 3635 531 3691 diesen
567 3637 695 3691 Sinn
728 3637 791 3690 111
825 3638 858 3702 ,ὅ
880 3639 961 3692 31.

296 3707 348 3758 9.
412 3706 513 3757 Est
554 3708 695 3757 enim
728 3704 1001 3771 difficilis,
1056 3704 1255 3758 sreilich

222 3772 297 3825 ist
332 3788 390 3825 es
425 3774 651 3840 schwer,
687 3774 909 3827 niimlich
946 3788 1128 3841 wegen
1164 3772 1255 3825 der

222 3839 566 3908 Selbstliebe,
615 3842 715 3895 wie
751 3842 842 3895 der
877 3841 998 3895 Satz
1034 3842 1130 3894 mit
1162 3841 1256 3893 sed

222 3915 406 3961 tamen
442 3914 572 3976 quia
604 3916 780 3978 magis
815 3910 1064 3964 ausfdhrt.
1110 3912 1253 3962 enim

220 3977 397 4046 knupf
398 3982 418 4030 t
431 3979 543 4033 also
557 3994 622 4032 an
633 3979 733 4034 den
745 3980 1127 4033 Zwischensatz
1144 3981 1256 4030 nisi

334 4070 428 4115 Cic.
455 4070 510 4115 de
540 4071 717 4117 officiis.
769 4074 808 4115 5.
838 4073 951 4116 Auss.

1358 1730 1565 1776 nosmet
1582 1725 1882 1777 amabimus
1899 1740 1980 1778 an.
2009 1725 2161 1779 Tusc.
2179 1726 2203 1779 1
2221 1729 2302 1793 36,
2318 1729 2383 1780 88

1359 1796 1499 1844 inest
1520 1793 1653 1843 velle
1675 1795 1734 1843 in
1760 1794 2008 1858 carendo,
2032 1797 2143 1844 nisi
2166 1810 2286 1847 cum
2302 1798 2386 1848 sic

1360 1865 1632 1927 tamquam
1667 1863 1726 1911 in
1768 1860 1914 1922 febri
1946 1862 2153 1914 dicitur
2186 1883 2258 1913 —.·
2305 1863 2384 1914 di·
2453 1904 2458 1911 .

1358 1933 1504 1981 ciim-
1524 1931 1665 1981 enim
1690 1928 1799 1981 alio
1817 1930 1974 1981 modo
1996 1933 2155 1982 etiam
2179 1947 2384 1985 carere.

1357 2013 1398 2051 S·
1431 1999 1811 2120 126.§C}3·{mes.
1880 2048 2216 2123 Heautontsl.
2250 2071 2296 2133 1,
2316 2070 2381 2121 25

1357 2136 1513 2186 homo
1532 2149 1677 2184 sum:
1702 2135 1928 2185 humani
1941 2135 2085 2185 nihil
2101 2151 2133 2187 a
2152 2150 2236 2186 me
2253 2135 2385 2187 alie-

1354 2218 1485 2253 num
1505 2208 1655 2270 puto.
1691 2201 1786 2253 Mit
1806 2202 1921 2253 dem
1939 2199 2100 2254 Vei-se
2122 2203 2383 2256 entschul-

1356 2271 1469 2339 digt
1515 2271 1756 2323 Chremes
1801 2272 1910 2323 sein
1955 2271 2284 2325 Einmischen
2327 2273 2382 2325 in

1356 2338 1551 2392 fremde
1585 2338 2077 2406 Angelegenheiten.
2126 2341 2192 2391 de
2228 2340 2327 2406 leg.
2362 2341 2383 2393 1

1360 2409 1522 2475 1233
1549 2408 1754 2472 Quodsi
1776 2408 2041 2473 quomodo
2067 2413 2147 2460 est
2164 2414 2384 2475 natura,

1351 2479 1433 2528 sic
1457 2475 1665 2528 iudicio
1691 2477 1932 2527 homines
1955 2478 2198 2542 humani,
2220 2482 2287 2529 ut
2306 2481 2389 2530 ait

1353 2543 1755 2663 missia?
1781 2544 2384 2677 Zigssfflmossifflss‘’

1359 2629 1509 2760 01011.
1554 2682 1883 2747 percipimus
1909 2709 1948 2719 —
1977 2683 2263 2732 sentimus.-
2298 2653 2383 2734 ein

1353 2741 1585 2819 ὑστερρν
1608 2747 1894 2818 πρότερον,
1929 2747 2013 2801 die
2037 2747 2383 2817 Empfindung
2465 2777 2479 2784 -

1355 2817 1481 2883 geht
1517 2815 1605 2870 der
1639 2815 1953 2884 Auffassung
1987 2832 2190 2870 vorsus

1428 2888 1507 2938 14.
1559 2885 1825 2950 Quocirca
1860 2887 1989 2937 bene
2015 2887 2381 2953 praecipiunt.

1354 2952 1449 3007 Die
1494 2952 1605 3005 hier
1639 2967 1704 3020 ge
1742 2954 1903 3006 ebene
1948 2954 2219 3022 einseitige
2253 2953 2383 3007 Vor-

1357 3021 1538 3075 schrist
1574 3021 1666 3074 des
1746 3021 1960 3075 andelns
2005 3022 2076 3075 ist
2119 3022 2262 3077 nicht
2298 3023 2380 3076 die

1354 3089 1517 3143 Lehre
1536 3089 1676 3142 einer
1693 3089 1904 3143 Philoso
1942 3090 2238 3158 henschule,
2264 3106 2381 3144 son·

1355 3157 1480 3211 dern
1517 3158 1632 3210 eine
1666 3157 1736 3209 im
1758 3156 1880 3211 Mun
1918 3174 1947 3210 e
1977 3158 2068 3211 des
2091 3158 2381 3212 romischen

1355 3224 1523 3278 Volks
1534 3225 1752 3278 lebende
1765 3224 2004 3279 Sentenz.
2022 3225 2154 3279 Plin.
2171 3242 2250 3293 ep.
2264 3226 2285 3278 1
2301 3229 2381 3293 18,

1358 3298 1406 3348 5.
1442 3298 1492 3344 si
1523 3297 1693 3345 tutius
1722 3299 1884 3361 putas
1917 3294 2059 3346 illud
2086 3298 2385 3347 cautissimi

1357 3364 2383 3500 {ffffuissusscfflssoeifflfflss-Zfflssss‘

1425 3502 1605 3550 vetant
1638 3469 1830 3566 ager-g:
1886 3499 1978 3553 das
2013 3498 2228 3565 Subject
2261 3515 2378 3554 zum

1353 3566 1580 3619 Infinitiv
1604 3566 1690 3620 bei
1712 3571 1898 3621 iubere
1920 3567 2026 3621 und
2043 3574 2225 3620 vetare
2249 3567 2378 3620 wird

1357 3635 1500 3688 nicht
1534 3634 1702 3689 selten
1737 3652 1829 3689 aus
1867 3636 2097 3702 classen,
2133 3651 2287 3689 wenn
2322 3652 2379 3689 es

1357 3703 1450 3756 das
1469 3704 1833 3760 unhestimmte
1888 3719 2136 3758 ronomen
2147 3704 2230 3759 ist.
2261 3706 2294 3770 ς
2312 3707 2378 3759 48

1356 3774 1505 3823 iubet
1524 3772 1747 3826 reddere
1764 3773 2039 3826 Hesiodus.
2076 3772 2218 3827 Brut.
2242 3776 2292 3839 4,
2317 3775 2378 3827 15

1353 3840 1497 3892 illaad
1512 3841 2017 3908 Hesiodium-quod
2035 3842 2220 3895 eadem
2237 3857 2384 3896 men-

1353 3925 1486 3960 sura
1542 3910 1766 3963 reddere
1825 3912 1996 3979 iubet,
2064 3927 2172 3977 qua
2238 3927 2384 3963 acce-

1350 3980 1517 4045 peris.
2027 4015 2033 4020 -
2137 4015 2141 4019 -
