2813 4537
407 280 489 342 96
982 283 1066 336 DE
1103 282 1363 337 OFFIGIIS
1399 281 1518 337 LIB.
1543 282 1578 336 1.
1631 282 1772 338 CAP.
1800 285 1879 336 31.
1918 285 1999 337 32.

410 465 618 532 erunt,
661 456 856 520 omnis
884 456 1213 520 adhibenda
1244 456 1357 519 erit
1384 474 1525 518 cura
1543 502 1559 531 ,
1588 456 1920 532 meditatio,
1963 455 2262 536 diligentia
2279 501 2295 531 ‚
2328 465 2393 519 ut
2419 475 2491 519 ea
2520 457 2571 520 si

414 562 538 604 non
570 543 814 619 decore,
845 552 903 605 at
935 560 1110 624 quam
1140 541 1385 604 minime
1416 542 1697 603 indecore
1724 542 1918 604 facere
1949 541 2244 623 possimus
2263 585 2279 618 ,
2310 560 2423 606 nec
2451 550 2570 608 tam

412 637 501 690 est
541 628 916 704 enitendum,
960 636 1028 690 ut
1068 628 1260 703 bona,
1305 646 1457 709 quae
1500 627 1673 690 nobis
1714 627 1842 689 data
1887 645 2024 691 non‘
2059 627 2209 703 sint,
2255 646 2572 709 sequamur

410 731 586 793 quam
617 724 685 776 ut
711 713 846 776 vitia
876 714 1192 794 fugiamus.
1298 767 1307 772 .
2487 771 2492 780 .

313 802 391 859 82
584 799 669 861 Ac
711 799 938 862 duabus
980 799 1054 861 iis
1080 797 1383 881 personiS,
1431 816 1576 879 quas
1606 815 1785 878 supra
1814 796 1965 870 dixi,
2007 797 2178 860 tertia
2207 797 2569 878 adiungitur,
2612 808 2642 859 5

315 893 401 945 115
417 902 592 965 quam
624 903 796 947 casus
824 884 1007 965 aliqui
1037 893 1139 947 aut
1179 893 1415 966 tempus
1443 883 1727 964 imponit:
1760 890 1969 963 quarta
1999 883 2203 957 etiam,
2251 902 2430 964 quam
2460 903 2569 946 no-

413 969 628 1032 bismet
666 970 782 1052 ipsi
822 969 1037 1032 iudicio
1070 977 1275 1031 nostro
1306 969 1838 1032 accommodamus.
1895 967 2043 1030 Nam
2071 986 2257 1048 regna
2301 969 2569 1050 imperia,

413 1048 690 1117 nobilitas
713 1056 995 1130 honores,
1026 1054 1258 1117 divitiae
1279 1072 1427 1136 opes
1449 1072 1656 1135 eaque,
1686 1072 1838 1133 quae
1867 1061 2008 1115 sunt
2034 1053 2128 1115 his
2157 1047 2478 1137 contrariaJ
2503 1055 2566 1116 in

411 1159 551 1202 casu
582 1140 691 1202 sita
692 1140 1089 1237 jtemporihus
1117 1139 1545 1220 gubernantur.
1604 1139 1726 1220 Ipsi
1757 1147 1955 1201 autem
1988 1157 2194 1219 gerere
2224 1157 2402 1221 quam
2430 1159 2567 1221 per-

409 1242 613 1286 sonam
643 1225 909 1301 velimuS,
940 1245 974 1287 a
1003 1234 1207 1290 nostra
1236 1224 1539 1288 voluntate
1570 1224 1987 1305 proficiscitur.
2038 1224 2243 1306 Itaque
2271 1244 2337 1288 se
2365 1225 2464 1287 alii
2493 1226 2569 1287 ad
2610 1233 2671 1284 10

409 1309 866 1392 philosophiam,
896 1310 995 1372 alii
1023 1310 1096 1373 ad
1124 1311 1220 1373 ius
1249 1310 1438 1387 civile,
1468 1310 1567 1372 alii
1596 1310 1668 1371 ad
1699 1309 2097 1390 eloquentiam
2127 1309 2446 1391 applicant,
2475 1311 2567 1392 ip-

317 1404 403 1456 116
416 1401 733 1477 sar-unique
773 1396 1054 1458 virtutum
1096 1396 1158 1458 in
1189 1396 1299 1458 alia
1330 1395 1481 1458 alius
1509 1394 1728 1457 mavult
1757 1394 2064 1457 excellere.
2123 1394 2391 1466 Quorum
2426 1414 2565 1457 vero

326 1523 333 1532 .
410 1488 605 1562 patres
632 1488 733 1543 aut
758 1480 1013 1544 maiores
1041 1480 1236 1563 aliqua
1266 1482 1453 1561 gloria
1482 1480 1935 1562 praestiterunt,
1964 1480 2006 1541 ii
2037 1481 2275 1542 student
2304 1480 2566 1562 plerum-

409 1584 525 1645 que
555 1567 764 1628 eodem
793 1566 857 1628 in
887 1584 1105 1646 genere
1132 1565 1322 1629 laudis
1351 1565 1666 1641 excellere,
1695 1573 1763 1627 ut
1791 1563 1862 1636 Q.
1891 1565 2123 1628 Mucius
2149 1565 2216 1628 P.
2245 1565 2312 1626 F.
2342 1566 2406 1627 in
2436 1566 2566 1629 iure

408 1651 595 1728 civili,
626 1650 795 1714 Pauli
825 1651 984 1713 filius
1012 1652 1324 1715 Africanus
1352 1653 1414 1713 in
1444 1671 1513 1714 re
1541 1650 1798 1713 militari.
1859 1648 2110 1721 Quidam
2139 1657 2337 1713 autem
2364 1651 2437 1713 ad
2467 1670 2565 1713 eas
2610 1659 2687 1744 15x

405 1735 627 1812 laudes,
658 1755 805 1818 quas
832 1755 865 1798 a
895 1737 1163 1818 patribus
1191 1744 1584 1819 acceperunt,
1614 1736 1838 1798 addunt
1867 1736 2126 1817 aliquam
2153 1754 2341 1810 suam,
2370 1744 2437 1799 ut
2466 1731 2670 1798 hice&

406 1821 563 1883 idem
586 1822 898 1885 Africanus
928 1822 1265 1903 eloquentia
1289 1822 1610 1886 cumulavit
1629 1820 1900 1883 bellicam
1922 1820 2190 1901 gloriam,
2221 1823 2379 1903 quod
2408 1822 2562 1884 idem

407 1907 549 1969 fecit
575 1907 924 1970 Timotheus
954 1906 1217 1971 Cononis
1245 1909 1404 1971 filius
1422 1956 1437 1984 ,
1481 1908 1584 1989 qui
1627 1924 1763 1968 cum
1793 1906 1932 1968 belli
1964 1905 2136 1969 laude
2166 1924 2289 1969 non
2316 1907 2564 1970 inferior

407 1991 617 2054 suisset
644 2011 819 2072 quam
852 2000 1052 2074 pater,
1097 1994 1168 2055 ad
1200 2012 1328 2055 eam
1370 1993 1604 2056 laudem
1632 1991 1939 2054 doctrinae
1969 2000 2028 2054 et
2061 1992 2284 2072 ingenii
2315 1991 2561 2072 gloriam

476 2128 522 2176 5.
590 2127 778 2189 tertia,
836 2140 906 2178 sc.
952 2142 1212 2193 persona,
1261 2143 1302 2178 S.
1351 2124 1435 2179 die
1538 2127 1626 2175 ius
1671 2125 2017 2192 pontificium
2069 2125 2455 2192 auszeichnete,
2508 2126 2560 2178 in

413 2190 745 2258 Eintheilung
780 2208 844 2244 zu
879 2194 911 2258 ς
954 2197 1066 2247 100.
1537 2193 1706 2245 seiner
1738 2192 1950 2246 Familie
1987 2193 2346 2257 einheimisch‚
2384 2193 2448 2246 de
2486 2210 2558 2247 or.

476 2262 524 2313 7.
589 2262 1082 2315 accommodamus.-
1146 2262 1249 2331 vgl.
1298 2264 1330 2329 §
1368 2265 1433 2317 70
1537 2259 1666 2328 157,
1692 2263 1793 2316 244
1827 2265 1942 2329 ipse
1975 2262 2067 2314 ille
2099 2261 2311 2315 meins
2340 2268 2564 2331 paterni

407 2331 504 2393 qui
546 2345 602 2379 se
650 2329 724 2380 ad
764 2345 879 2381 rem
919 2332 1196 2398 publicam
1229 2347 1436 2384 accom-
1534 2333 1677 2382 iuris
1710 2330 1960 2393 defensor
1982 2336 2037 2382 et
2057 2335 2214 2398 quasi
2281 2334 2566 2384 atrimonii

404 2397 774 2449 mactaverunt.
1530 2404 1914 2466 propugnator
1957 2403 2060 2454 mi.
2132 2399 2200 2452 Er
2281 2400 2560 2454 earheitete

405 2479 647 2586 lelffgss?
653 2468 1101 2588 ‘32110553'34‘220‘
1112 2468 1233 2602 2⁶⁶3
1260 2467 1436 2590 55⁸¹·
1536 2466 2473 2590 {¹3⁸23³35}?⁰?,{‚.⁵.y2253¹.⁸.t³2ss23
2519 2485 2561 2590 Ξ·

472 2604 520 2655 8.
575 2603 845 2656 nobilitas.
900 2604 958 2655 In
980 2578 1079 2657 den
1103 2577 1263 2672 guten
1280 2577 1432 2659 Hdss,
1572 2618 1614 2657 r.
1652 2600 1705 2657 S.
1743 2574 1931 2656 fioscitl
1970 2605 2063 2670 12,
2099 2606 2180 2657 33.
2263 2604 2409 2657 Nach
2443 2579 2562 2658 dem

408 2669 525 2722 sind
560 2669 642 2722 die
678 2670 1005 2725 Nominative
1042 2673 1143 2726 alle
1180 2672 1233 2725 in
1268 2673 1435 2726 Accu-

405 2738 573 2790 sative
643 2740 1000 2805 umgeiindert:
1081 2742 1434 2807 nobilitatem,

404 2806 645 2859 divitias.
714 2808 1048 2874 nobilitates,
1101 2809 1202 2861 wie
1245 2809 1434 2862 andere

407 2872 694 2936 schreiben,
725 2875 904 2927 wurde
927 2874 1010 2928 die
1033 2876 1433 2930 verschiedenen

402 2939 593 3075 {turen
629 2940 720 2994 des
757 2941 914 2995 Adels
949 2944 1288 3006 bezeichnen}
1326 2961 1366 2998 e.
1386 2961 1432 2999 z.

481 3079 561 3131 11.
597 3078 945 3144 ipsarumque
967 3081 1230 3131 vir-tumne
1245 3083 1306 3132 in
1321 3082 1434 3132 alia

410 3146 552 3197 alius
569 3146 777 3197 mavult
792 3162 905 3199 eme.
919 3166 939 3197 .·
975 3146 1094 3201 dass
1113 3147 1222 3201 dies
1240 3148 1327 3201 bei
1344 3148 1435 3201 der

404 3214 670 3268 stoischen
714 3214 1027 3282 Auffassung
1074 3214 1164 3268 der
1217 3215 1434 3284 Tugend

404 3283 552 3335 nicht
585 3281 811 3349 moglich
845 3282 942 3348 ist,
983 3283 1053 3336 ist
1086 3284 1140 3336 in
1176 3284 1267 3337 der
1299 3284 1431 3340 Einl.

406 3349 440 3416 5
472 3353 532 3403 18
569 3366 617 3402 u.
657 3352 722 3403 33
758 3355 956 3418 gesagt.

472 3421 550 3471 14.
572 3417 858 3482 aliiue-ius
869 3421 925 3471 P.
939 3419 1005 3473 F.
1022 3419 1295 3486 Scaevola,
1314 3424 1433 3473 zum

407 3484 744 3539 Unterschied
790 3501 910 3539 vom
958 3486 1136 3555 Augur
1182 3487 1435 3542 Scaevola

408 3552 648 3608 Pontifex
665 3554 918 3606 maximus
952 3561 1204 3623 genannt,
1241 3556 1433 3610 Consul

405 3625 508 3676 659
527 3623 634 3689 (95)
652 3623 747 3675 mit
766 3623 978 3676 Crassus
997 3622 1059 3689 (11
1078 3624 1111 3691 ξ
1131 3627 1233 3689 57),
1254 3624 1433 3678 wurde

402 3690 499 3743 auf
548 3689 731 3744 Befehl
789 3692 879 3744 des
930 3692 1184 3759 jungeren
1241 3691 1433 3746 Marius

409 3758 667 3825 gemmet,
713 3759 789 3812 als
827 3759 970 3813 Sulla
1007 3759 1090 3813 die
1124 3759 1436 3828 Hauptstadt

307 3858 311 3863 ·
407 3826 689 3893 bedrfingte
707 3830 808 3881 672
831 3831 957 3894 (82).
1012 3828 1113 3882 Das
1132 3829 1434 3882 Rechtsstu-

403 3893 549 3946 dium
585 3909 692 3947 war
727 3894 885 3949 durch
921 3896 1097 3963 seinen
1132 3897 1306 3964 Vater,
1341 3897 1431 3950 der

406 3963 518 4015 sich
537 3963 849 4017 namentlich
866 3964 1022 4018 durch
1040 3964 1320 4019 Kenntniss
1338 3965 1432 4019 des

1582 2670 1682 2724 ode
1734 2670 1826 2724 des
1883 2672 2061 2738 Augur
2117 2670 2367 2726 Scaevola
2419 2674 2562 2727 hatte

1538 2738 1650 2791 sich
1686 2739 1860 2793 Cicero
1907 2756 1973 2793 an
2018 2739 2107 2792 ihu
2142 2741 2560 2808 angeschlossen.

1612 2811 1688 2861 17.
1724 2807 2054 2870 Africanus:
2092 2807 2235 2861 Brut.
2267 2811 2435 2876 21‚82
2470 2812 2566 2862 sed

1539 2875 1592 2928 0.
1628 2875 1849 2927 Laelius
1884 2881 1938 2927 et
1969 2879 2027 2929 Ρ.
2058 2875 2357 2938 Africanus
2390 2882 2565 2946 inpri—

1534 2945 1639 2994 mis
1691 2944 2018 3010 eloquentes,
2087 2960 2317 3010 quorum
2374 2952 2565 2999 extant

1536 3013 1834 3078 orationes,
1887 3029 1958 3063 ex
2009 3015 2203 3078 quibus
2253 3017 2565 3066 existimari

1536 3080 1603 3130 de
1635 3082 1873 3144 ingeniis
1905 3086 2186 3133 oratorum
2218 3088 2407 3150 potest.

1610 3149 1689 3201 18.
1722 3147 2055 3200 Timotheus.-
2089 3148 2154 3202 de
2180 3164 2251 3203 or.
2274 3149 2340 3202 111
2358 3154 2443 3216 34,
2466 3153 2559 3204 139

1536 3215 1733 3267 aliisue
1776 3219 1954 3281 igitur
2000 3219 2209 3269 artibus
2253 3220 2397 3270 huno
2428 3218 2562 3271 Dio·

1534 3299 1657 3334 nem
1685 3286 1926 3337 instituit
1946 3285 2114 3351 Plato,
2150 3286 2275 3338 aliis
2298 3287 2563 3340 Isocrates

1538 3351 1894 3404 clarissimum
1973 3357 2152 3405 virum
2226 3354 2559 3407 Timotheum

1538 3419 1770 3473 Conona
1822 3425 2275 3489 praestantissimi
2330 3426 2561 3490 impara-

1538 3492 1672 3540 toris
1704 3488 1904 3555 filiam,
1955 3505 2218 3541 summum
2252 3494 2428 3557 ipsum
2461 3494 2561 3543 im-

1532 3561 1839 3624 peratorem
1899 3560 2268 3625 hominemque
2319 3559 2560 3612 doctissi-

1533 3628 1714 3677 mum?
1812 3666 1816 3670 ,
2189 3668 2196 3681 .

1611 3696 1687 3748 19.
1722 3692 1946 3755 fuisset.-
2001 3694 2111 3747 sich
2147 3694 2352 3762 gezeigt
2386 3696 2557 3757 hatte;

1536 3760 1693 3844 daher
1715 3760 1815 3846 (¹²¹5.
1828 3760 2323 3843 Plusquamperfect.
2361 3764 2457 3844 εἱς
2476 3767 2557 3818 84.

1535 3829 2561 3968 ..imis13¹4.¹t·..‘⁴11¹.}3{{„f¹¹15.32¹33⁶.¹1¹3

1534 3964 1615 4017 ffir
1648 3965 2049 4021 Beredsamkeit.
