2813 4537
154 1238 213 1290 10

158 1667 216 1719 15

785 283 870 337 DE
907 283 1168 337 OFFICIIS
1206 282 1324 337 LlB.
1361 284 1394 336 1.
1454 283 1595 338 CAP.
1617 287 1698 340 23.
1737 286 1819 339 24.

2333 280 2415 342 77

253 434 430 519 mane
474 456 750 537 quiddam
783 465 840 519 et
869 457 1176 521 beluarum
1215 458 1405 520 simile
1451 467 1574 533 est,
1618 459 1721 520 sed
1752 476 1886 519 cum
1933 464 2170 537 tempus
2211 477 2419 520 neces-

252 542 517 623 sitasque
547 544 838 624 postulat,
870 543 1290 608 decertandum
1321 563 1502 606 manu
1535 553 1624 605 est
1654 553 1713 606 et
1741 562 1903 606 mors
1931 543 2196 605 servituti
2226 545 2421 625 turpi-

254 628 567 709 tudinique
597 630 1030 710 anteponenda.

428 714 514 776 De
557 715 887 777 evertendis
927 724 1122 779 autem
1166 715 1633 798 diripiendisque
1662 713 1909 777 urbibus
1952 712 2116 776 valde
2144 717 2417 778 conside·
2444 716 2521 774 24
2564 746 2568 750 >

256 799 510 863 randum
542 808 631 863 est
665 820 741 862 ne
782 802 923 882 quid
963 812 1215 878 temere,
1262 821 1338 863 ne
1384 801 1525 883 quid
1571 799 1901 863 crudeliter.
1973 800 2159 881 quue
2190 811 2280 864 est
2310 803 2419 865 viri
2464 808 2523 859 82

258 885 492 965 magni,
524 886 702 948 rebus
731 887 964 967 agitatis
992 888 1207 969 punire
1237 897 1458 964 sonteS‚
1488 885 1928 949 multitudinem
1959 905 2325 965 conservare,
2355 890 2416 951 in

258 972 424 1033 omni
460 971 698 1033 fortuna
727 980 886 1034 recta
917 980 1094 1055 atque
1121 974 1371 1036 honesta
1399 973 1675 1035 retinere.
1735 971 1812 1034 Ut
1841 973 1999 1037 enim
2029 983 2200 1046 sunt,
2242 994 2418 1055 quem

256 1057 330 1118 ad
361 1057 603 1118 modum
633 1077 811 1139 supra
840 1057 992 1135 dixi,
1038 1059 1140 1141 qui
1169 1058 1413 1121 urbanis
1441 1057 1622 1121 rebus
1653 1056 1891 1119 bellicas
1918 1065 2304 1139 anteponant,
2335 1061 2421 1122 sic

260 1143 522 1224 reperias
560 1143 813 1217 multos,
858 1144 1076 1224 quibus
1105 1144 1440 1225 periculosa
1484 1153 1544 1206 et
1586 1143 1770 1206 calida
1813 1143 2059 1205 consilia
2106 1146 2321 1225 quietis
2364 1158 2421 1208 et

258 1228 532 1308 cogitatis
574 1222 972 1310 splendidiora
1019 1238 1073 1291 et
1118 1230 1341 1292 maiora
1384 1230 1711 1291 videantur.
1798 1228 2131 1310 Numquam
2177 1232 2422 1293 omnino
2466 1232 2522 1284 83

259 1313 514 1396 periculi
545 1315 683 1394 fuga
712 1315 1200 1378 committendum
1247 1327 1337 1378 est
1376 1323 1444 1377 ut
1487 1313 1738 1376 inbelles
1767 1314 2074 1396 timidique
2102 1317 2422 1392 videamur,

260 1399 367 1462 sed
399 1399 745 1480 fugiendum
775 1401 922 1464 illud
953 1401 1148 1477 etiam,
1181 1419 1257 1463 ne
1277 1402 1597 1463 offeramus
1621 1418 1730 1462 nos
1759 1400 2041 1482 periculis
2070 1402 2200 1464 sine
2228 1421 2422 1474 causa,

262 1502 384 1565 quo
416 1503 544 1547 esse
574 1485 722 1548 nihil
763 1494 962 1568 potest
1003 1487 1266 1549 stultius.
1327 1485 1703 1567 Quapropter
1735 1487 1797 1548 in
1829 1487 2114 1548 adeundis
2142 1488 2423 1569 periculis

262 1572 632 1633 consuetudo
675 1571 954 1635 imi-tanda
985 1573 1351 1635 medicorum
1395 1580 1513 1647 est,
1562 1572 1661 1653 qui
1708 1571 1912 1634 leviter
1938 1576 2308 1652 aegrotantes
2337 1574 2421 1635 le-

264 1656 417 1718 niter
448 1666 691 1733 curant,
734 1656 1101 1737 gravioribus
1126 1667 1324 1720 autem
1356 1657 1579 1720 morbis
1607 1657 1971 1739 periculosas
2002 1659 2337 1722 curationes
2368 1670 2427 1721 et

262 1741 552 1824 ancipites
592 1743 871 1806 adhibere
912 1751 1227 1823 coguntur.
1302 1741 1498 1814 Quare
1541 1742 1602 1804 in
1647 1741 1969 1824 tranquillo
2013 1750 2423 1824 tempestatem

262 1827 562 1890 adversam
593 1836 797 1909 optare
826 1829 1116 1891 dementis
1150 1838 1272 1904 est,
1315 1828 1633 1891 subvenire
1676 1836 1872 1890 autem
1914 1830 2247 1908 tempestati
2280 1848 2427 1910 qua-

260 1914 351 1975 vis
378 1914 610 1976 ratione
636 1915 941 1997 sapientis,
972 1932 1163 1996 eoque
1191 1916 1380 1995 magis
1397 1960 1416 1990 ‚
1448 1914 1498 1976 si
1526 1912 1664 1994 plus
1692 1913 2019 1995 adipiscare
2047 1932 2113 1975 re
2143 1914 2427 1996 explicata

339 2069 386 2118 1.
440 2069 645 2132 tempus
674 2067 1063 2134 necessitasque
1081 2090 1148 2113 ==
1166 2070 1296 2117 tem-

258 2149 405 2213 pora
423 2138 742 2201 necessam’a,
762 2134 1043 2203 dringende
1061 2132 1298 2187 Verhalt-

268 2216 424 2255 nisse.

338 2267 431 2326 24.
502 2270 621 2324 Dies
657 2270 864 2338 Kapitel
917 2272 1154 2324 zeichnet
1189 2271 1300 2324 sich

269 2339 582 2392 namentlich
618 2339 844 2392 dadurch
880 2356 989 2406 aus,
1034 2340 1153 2392 dass
1186 2356 1300 2392 ver-

268 2405 544 2461 schiedene
589 2423 685 2460 nur
730 2407 843 2461 lose
879 2408 1299 2461 zusammenhiin-

271 2475 438 2542 gende
463 2475 817 2530 Vorschriften
853 2475 958 2528 und
986 2475 1301 2529 Bemerkun-

271 2559 372 2611 gen
407 2544 549 2597 datin
586 2544 1097 2609 zusammengehfiul't
1130 2544 1262 2599 sind.

344 2615 391 2667 6.
428 2616 589 2665 ναῦτα
617 2616 861 2680 agitatis,
898 2612 946 2667 d.
964 2612 1000 2666 i.
1026 2612 1301 2664 turbulen-

272 2684 362 2745 tis,
396 2681 580 2734 sodass
615 2682 726 2734 also
763 2682 846 2734 die
880 2680 1302 2734 vorherbezeich-

273 2754 430 2802 neten
443 2750 700 2803 Zustfinde
713 2751 807 2803 mit
821 2748 1154 2816 einbegriffen
1169 2749 1299 2804 sind.

274 2833 367 2885 pro
389 2818 561 2879 Quint.
581 2822 629 2884 2,
654 2820 715 2871 10
740 2819 928 2870 multis
948 2820 1174 2869 iniuriis
1193 2821 1301 2869 tac-

274 2891 445 2938 tatam
481 2891 641 2952 atque
666 2904 698 2938 α
739 2891 933 2939 itatam
958 2890 1300 2953 aequitatem.

274 2954 331 3006 ln
367 2953 665 3007 demselben
728 2956 848 3008 inne
883 2971 998 3007 rem
1068 2955 1302 3007 ublieam

276 3026 492 3088 agitare
528 3022 652 3078 Sall.
691 3025 799 3079 Cat.
828 3027 910 3091 38,
935 3027 981 3078 3.
1039 3038 1123 3091 ug.
1151 3026 1301 3089 37,1.

277 3090 491 3152 Quintil.
515 3092 584 3143 xl
609 3097 656 3158 3,
682 3095 776 3145 184
803 3096 948 3145 aetio
968 3092 1158 3160 paullo
1188 3094 1306 3157 agi-

276 3163 465 3212 tatior.
512 3159 714 3213 Andere
738 3160 973 3214 erkliiren
1006 3163 1166 3212 rebus
1188 3163 1308 3225 agi-

276 3229 601 3280 tatis-*durch
641 3232 799 3280 rebus
833 3232 1068 3295 cognitis
1101 3234 1154 3279 et
1182 3244 1286 3296 per

270 3299 485 3363 peruia,-
509 3296 632 3348 aber
656 3297 948 3363 abgeseben
973 3297 1160 3363 davon,
1185 3297 1304 3349 dass

280 3364 418 3417 ohne
454 3364 603 3415 einen
638 3364 824 3416 Zusatz
863 3365 964 3416 wie
997 3370 1171 3416 mente
1216 3365 1306 3418 der

278 3431 553 3485 Ausdruck
586 3431 886 3485 undeutlicb
921 3434 1086 3497 ware,
1127 3433 1306 3486 wurde

280 3500 372 3553 der
408 3515 571 3567 ganze
605 3501 792 3553 Zusatz
828 3500 963 3553 dann
996 3499 1308 3569 tiberflfissig

280 3569 411 3624 sein.
462 3568 607 3621 Denn
632 3568 714 3621 die
741 3567 1052 3636 Schuldigen
1077 3584 1180 3621 von
1206 3567 1306 3621 den

281 3636 667 3705 Unscbuldigen
716 3636 959 3691 scheiden
1005 3635 1143 3689 kann
1186 3652 1306 3690 man

282 3705 427 3759 nicht
462 3707 596 3759 ohne
631 3705 1009 3773 Ueberlegung.

353 3777 413 3825 in
449 3778 596 3827 omni
625 3775 871 3842 fortuna,
905 3775 960 3827 in
988 3773 1139 3841 jeder
1173 3774 1308 3839 Lage

283 3842 376 3895 des
412 3842 633 3899 Staates.

354 3913 403 3966 9.
443 3912 620 3963 calida
655 3911 986 3978 consiliasd.
1012 3911 1046 3966 i.
1080 3911 1310 3976 ferocia,

287 3980 480 4034 ebenso
514 3977 721 4052 θερμός
753 3981 1015 4049 Aristoph.
1052 3978 1189 4035 Plut.
1208 3982 1307 4033 4¹5

1400 2051 1465 2148 ὦ,
1482 2061 1700 2133 θερμὸν
1734 2065 1896 2138 ἔργον
1919 2058 2177 2117 κάνόσιον
2201 2068 2293 2115 καὶ
2324 2082 2426 2118 πα-

1399 2150 1657 2204 ρανομον.

1477 2204 1552 2255 10.
1591 2204 1826 2267 omnino,
1862 2198 2079 2266 freilicb‚
2116 2215 2271 2267 zwar‚
2308 2199 2424 2253 dem

1399 2268 1679 2337 folgenden
1726 2270 1821 2322 sed
1866 2270 2271 2338 entsprechend,
2328 2270 2427 2322 wie

1401 2341 1434 2405 ὃ
1474 2343 1499 2458 11
1514 2342 1887 2472 ffeideamum
1923 2406 2035 2458 hier
2069 2405 2210 2458 nicht
2247 2383 2430 2458 ‘schei-

1401 2477 1534 2541 nen’‚
1554 2474 1776 2527 sondern
1794 2477 1911 2527 ‘uns
1929 2475 2110 2540 zeigen
2130 2475 2237 2529 als’.
2263 2474 2429 2527 Eben-

1401 2558 1463 2596 so
1477 2543 1702 2676 ¹{86ffi
1735 2610 1926 2660 leviter
1960 2625 2142 2674 aem-„-
2195 2610 2430 2662 derselbe

1402 2678 1677 2744 Vergleicb
1711 2677 1796 2730 bei
1832 2676 1974 2731 Sext.
2010 2675 2144 2745 Hyp.
2178 2677 2241 2729 111
2276 2681 2394 2731 280.

1478 2749 1557 2801 17.
1590 2748 1875 2798 subvenire
1896 2748 2212 2812 tempestati.
2248 2745 2322 2798 Da
2341 2746 2431 2798 das

1404 2814 1805 2883 Urspriinglicbe
1844 2815 1915 2867 ist
1949 2817 2231 2866 subvenire
2266 2815 2436 2867 alicui
2537 2817 2546 2826 ’

1400 2888 1466 2934 in
1516 2883 1702 2950 aliqua
1750 2900 1836 2949 re,
1891 2886 2007 2949 sagt
2057 2899 2174 2936 man
2229 2883 2433 2937 sowohl

1403 2955 1689 3004 subvenire
1747 2955 2073 3018 tempestati,
2131 2955 2437 3004 necessitati

1406 3020 1467 3086 (ΙΙ
1498 3024 1575 3084 16,
1596 3023 1697 3087 56),
1734 3021 1900 3073 einem
1937 3019 2021 3072 die
2043 3020 2186 3073 Noth
2222 3021 2436 3074 erleich-

1406 3094 1539 3154 tem,
1558 3089 1636 3141 als
1653 3090 1938 3140 subvenire
1948 3088 2131 3154 saluti,
2151 3088 2242 3141 das
2256 3089 2435 3142 Wohl-

1408 3157 1519 3209 sein
1555 3156 1776 3211 sordem.

1482 3227 1560 3279 18.
1597 3241 1659 3275 re
1693 3225 1967 3291 eat-plicata
2003 3252 2047 3262 -
2081 3224 2243 3286 mali,·
2278 3238 2433 3275 wenn

1408 3293 1504 3344 mit
1584 3292 1675 3345 der
1755 3292 2084 3360 glficklichen
2151 3290 2437 3344 Durchffih-

1406 3358 2440 3496 33⁸..32503331'3n3’32‘t11tum‘22’„2¹5-

1408 3497 1616 3550 bunden
1668 3498 1753 3553 ist.
1825 3497 1942 3549 wie
1992 3513 2107 3549 rem
2159 3497 2438 3563 explicare

1410 3571 1527 3633 εις-ί
1552 3581 1669 3619 man
1688 3565 1865 3632 hfiufig
1891 3570 2115 3632 negotia
2134 3566 2436 3631 empticare:

1411 3634 1475 3686 de
1487 3635 1609 3703 imp.
1623 3634 1801 3703 Pomp.
1825 3640 1841 3687 l
1858 3638 1901 3700 1,
1914 3637 1980 3688 30
1995 3633 2258 3699 Siciliam,
2278 3647 2438 3699 quam

1410 3704 1595 3755 multis
1628 3705 1867 3770 undique
1911 3706 2142 3754 cinctam
2178 3704 2441 3769 periculis

1411 3801 1454 3810 —
1491 3773 1799 3839 empticavit.
1838 3771 2161 3824 addubitare
2192 3770 2439 3824 bedentet

1412 3840 1691 3906 cigentlich
1743 3840 1846 3892 ‘ein
1898 3840 2071 3906 wenig
2123 3839 2177 3889 in
2225 3839 2438 3892 Zweisel

1412 3908 1608 3961 ziehen'
1644 3912 1706 3974 (s.
1744 3923 1789 3963 z.
1825 3906 1886 3959 111
1920 3907 1953 3976 ἦ
1995 3911 2094 3973 18),
2135 3907 2247 3959 hier
2282 3908 2440 3974 allge-

1414 3978 1609 4029 meiner
1641 4002 1709 4026 ==
1743 3980 1802 4028 in
1839 3977 2125 4028 discrimen
2160 3992 2369 4028 vocare.
