2813 4537
28 1220 208 1293 Ιιο

753 304 760 312 .
880 271 964 324 DE
1001 271 1274 325 orrlcus
1299 272 1419 326 Lm.
1457 272 1491 327 1.
1547 272 1690 327 GAP:
1718 276 1795 328 12.
2343 261 2424 334 '55

256 464 376 507 cun
449 463 653 518 noem,
728 445 1018 526 itemque:
1095 464 1383 509 onnnsus
1454 464 1680 509 uosrssu
1738 466 2000 509 Auream
2056 467 2427 511 Aucromus.

259 528 417 602 Quid
461 531 535 591 ad
578 531 734 592 hanc
780 531 1297 593 mansuetudinem
1330 532 1464 593 addi
1493 540 1709 613 potest,
1741 550 1898 608 eum,
1931 534 2173 613 quicum
2203 534 2425 597 bellum

260 634 450 695 geraS‚
481 624 602 677 tam
632 614 799 678 molli
828 617 1073 679 nomine
1102 615 1447 698 appellare?
1477 615 1845 698 Quamquam
1879 618 1937 680 id
1972 637 2194 680 nomen
2220 620 2425 682 durius

260 701 454 764 effecit
497 702 611 763 iam
655 710 943 764 vetustas:
987 723 1020 765 a
1051 702 1368 784 peregrino
1403 702 1560 765 enim
1592 704 1833 766 recessit
1867 712 1926 765 et
1956 704 2204 786 proprie
2235 704 2296 767 in
2330 724 2422 781 eo,

258 787 361 867 qui
390 805 548 849 arma
580 796 785 849 contra
814 788 1013 863 ferret,
1043 789 1347 850 remansit.
1420 786 1568 851 Cum
1595 808 1735 867 vero
1766 789 1840 851 de
1868 789 2120 870 imperio
2151 790 2418 852 decerta·
2462 808 2522 860 38

255 883 357 934 tur
384 872 661 954 belloque
691 874 995 954 quaeritur
1012 874 1217 954 gioria,
1248 892 1456 936 causas
1478 875 1721 936 omnino
1745 875 1988 936 subesse
2008 883 2206 937 tamen
2232 894 2413 957 opor—

256 965 342 1019 tet
385 959 650 1033 easdem,
694 977 840 1039 quas
884 960 1001 1020 dixi
1044 958 1243 1041 paullo
1286 969 1425 1021 ante
1469 959 1656 1023 iustas
1697 979 1903 1022 causas
1944 978 2072 1025 esse
2101 959 2416 1023 bellorum.

259 1043 375 1106 Sed
419 1063 487 1106 ea
528 1043 699 1119 bella,
751 1045 969 1125 quibus
1010 1045 1243 1127 imperii
1273 1045 1583 1126 proposita
1614 1044 1799 1126 gloria
1831 1054 1937 1122 est,
1967 1046 2168 1107 minus
2195 1047 2409 1109 acerbe

259 1129 515 1209 gerenda
545 1138 704 1191 sunt.
750 1129 827 1191 Ut
855 1131 1014 1192 enim
1044 1149 1181 1192 cum
1211 1130 1329 1192 civi·
1354 1131 1524 1193 aiiter
1552 1128 1985 1204 contendimus,
2017 1131 2064 1192 si
2096 1139 2185 1192 est
2214 1131 2415 1194 inimi-

258 1233 385 1291 cus,
409 1213 597 1291 aliter,
621 1215 670 1276 si
694 1216 1049 1297 competitor
1069 1251 1153 1263 —
1178 1233 1321 1277 cum·
1337 1216 1523 1278 altero
1545 1225 1846 1279 certamen
1871 1216 2117 1279 honoris
2139 1225 2197 1278 et
2218 1217 2416 1297 digni-

255 1301 395 1363 tatis
423 1308 531 1376 est,
561 1316 697 1363 oum
728 1301 912 1363 altero
944 1301 1157 1383 capitis
1186 1310 1252 1363 et.
1272 1301 1459 1363 tamne
1480 1334 1597 1378 --‚
1628 1301 1714 1364 sic
1747 1320 1883 1364 cum
1916 1301 2246 1378 Celtiberis,
2280 1310 2416 1364 cum

257 1385 512 1448 Cimbris
555 1385 777 1448 bellum
822 1396 889 1449 ut
932 1405 1067 1449 cum
1105 1386 1365 1449 iiiimicis
1468 1387 1731 1463 rebatur,
1761 1396 1895 1449 uter
1926 1395 2098 1462 esset,
2131 1406 2253 1449 non
2287 1396 2421 1450 uter

253 1472 603 1554 imperaret,
649 1490 786 1534 cum
828 1470 1056 1535 Latinis
1103 1471 1340 1534 Sabinis
1385 1405 1774 1549 garnuinus,
1818 1472 2036 1534 Poenis
2075 1473 2303 1553 Pyrrho
2348 1474 2423 1535 de

253 1557 507 1638 imperio
538 1557 945 1620 dimicabatur.
988 1558 1176 1620 Poeni
1208 1558 1541 1639 foedifragi,
1571 1558 1829 1621 crudelis
1857 1557 2175 1632 Hannibal,
2203 1558 2420 1639 reliqui

252 1642 548 1707 iustiores.
636 1642 848 1725 Pyrrhi
880 1644 1117 1724 quidem
1146 1644 1220 1704 de
1251 1643 1496 1725 captivis
1524 1643 1838 1709 reddendis
1886 1643 1986 1705 illa
2016 1644 2346 1725 praeclara:

563 1727 678 1790 Nec
706 1731 795 1790 mi
820 1747 1034 1791 aurum
1055 1747 1227 1811 posco
1257 1746 1359 1793 nec
1386 1731 1475 1792 mi
1519 1733 1775 1811 pretium
1808 1725 2111 1791 dederitis!

563 1812 699 1875 Non
729 1824 1116 1896 cauponantes
1145 1814 1373 1887 bellum,
1419 1814 1516 1875 sed
1545 1814 1960 1894 belliqcrantes,

1461 1984 1509 2035 2.
1527 1981 1671 2046 Quid
1680 1981 1754 2033 ad
1768 1983 1819 2033 Ιι.
1830 1985 2088 2032 manmet.
2100 1999 2119 2030 .·
2137 1979 2257 2033 dass
2267 1979 2419 2033 keine

252 1979 464 2032 Tei-min
487 1980 582 2032 mit
601 1981 766 2035 ciuem
788 1981 1090 2048 Auslfinder‚
1115 1981 1285 2034 woffir

1388 2048 1549 2103 Milde
1584 2066 1689 2102 von
1726 2047 1903 2101 Seiten
1940 2048 2030 2101 der
2052 2047 2240 2101 Romer
2275 2048 2419 2101 darin

251 2048 385 2102 auch
429 2053 601 2100 status
637 2051 978 2102 condictusve
1014 2051 1128 2102 dies
1164 2065 1286 2102 cum

255 2119 409 2168 hoste
435 2116 578 2169 steht
606 2117 744 2171 Fest.
776 2134 827 2185 p.
852 2121 948 2172 194
974 2124 1148 2171 status
1166 2119 1291 2180 dieo

257 2189 486 2237 vocatur
520 2189 616 2251 qm·
650 2186 850 2238 iudicii
872 2203 1035 2240 causa
1063 2192 1141 2239 est
1164 2202 1287 2238 con-

253 2257 480 2307 stitutus
502 2270 623 2306 cum
641 2256 804 2308 hoste.
826 2254 949 2309 Wer
961 2256 1119 2309 durch
1135 2255 1285 2308 einen

256 2322 472 2376 solchen
491 2322 697 2376 Tei-min
719 2323 773 2375 in
786 2322 1057 2392 Anspruch
1078 2339 1289 2392 genom-

255 2406 378 2443 men
397 2405 520 2457 war,
545 2392 794 2445 brauchte
811 2392 922 2445 sich
938 2408 982 2446 z.
997 2392 1056 2446 B.
1082 2409 1146 2445 an
1165 2392 1282 2445 dem

256 2458 405 2525 Tage
414 2460 556 2513 nicht
568 2476 661 2513 zur
667 2459 986 2527 Aushebung
999 2477 1063 2515 zu
1075 2460 1277 2514 stellen.

256 2527 388 2581 Gen.
406 2527 522 2579 xv}
535 2532 570 2581 4
591 2529 858 2580 militibus
872 2534 1052 2580 autum
1068 2532 1286 2596 scriptis

256 2597 374 2647 dies
388 2597 808 2663 praefinibatur,
826 2612 932 2664 quo
945 2598 1031 2649 die
1043 2598 1287 2649 adessent

257 2670 315 2715 et
364 2668 560 2716 citanti
610 2666 821 2716 consuli
871 2666 1284 2733 responderent.-

258 2733 453 2784 deinde
471 2736 877 2799 concipiebatur
886 2733 1285 2800 iusim-andum,

256 2806 323 2852 nt
345 2800 591 2853 adessent
612 2803 696 2853 his
729 2803 931 2855 additis
953 2805 1284 2869 exceptioni-

256 2871 356 2920 bus
365 2898 409 2908 -
417 2867 586 2930 limus
598 2868 878 2930 familiare
892 2900 925 2910 -
937 2874 1020 2922 vis
1031 2873 1284 2937 hostewe,

251 2942 435 2989 statue
455 2939 798 2990 condictusve
832 2940 947 2991 dico
974 2955 1094 2992 cum
1119 2941 1282 2991 hoste.

333 3009 376 3058 1.
430 3009 700 3059 autoritas
752 3008 821 3060 ist
865 3007 957 3061 das
1000 3007 1282 3060 rechtliche

253 3072 488 3127 Moment
499 3090 565 3126 an
582 3074 749 3128 einem
765 3076 1055 3129 romischen
1067 3076 1285 3128 Rechts-

255 3141 600 3195 verhiiltnisse
636 3143 830 3208 (Besitz
854 3160 958 3197 von
981 3143 1285 3198 Gemeinde-

253 3210 404 3274 land,
470 3209 942 3279 Grundeigenthum
958 3253 971 3280 ‚
1048 3217 1283 3280 potestas

254 3282 397 3344 ete),
423 3278 647 3332 welches
672 3295 737 3333 an
762 3281 912 3333 einen
927 3280 1116 3333 Romer
1130 3281 1281 3333 tiber-

255 3351 438 3413 tragen
473 3346 598 3399 oder
620 3348 752 3401 auch
786 3364 890 3401 von
914 3349 1108 3403 diesem
1132 3353 1284 3401 unter

253 3414 588 3467 bestimmten
632 3415 1003 3484 Bedingungen
1048 3431 1282 3471 ersessen

258 3482 467 3535 ¹werden
489 3482 702 3551 kounte,
739 3485 984 3537 wahrend
1019 3485 1109 3538 der
1131 3485 1284 3538 Pere-

255 3550 846 3685 &attremit
864 3553 1031 3674 8ἱῗέἰέιξ
1044 3553 1286 3675 ’ἒῗέἱὲῖἓ

255 3701 369 3739 mer
402 3686 480 3740 als
502 3688 811 3743 rechtliches
872 3690 1051 3756 ubjeet
1073 3689 1282 3744 beliess.

253 3754 355 3807 Die
387 3753 693 3824 Bedeutung
741 3757 833 3812 des
868 3756 1052 3811 Satzes
1097 3758 1168 3811 iet
1202 3772 1286 3810 so-

257 3823 402 3876 wohl
438 3822 858 3890 privatrechtlieh
909 3826 986 3880 als
1021 3826 1284 3895 politisch.

256 3891 498 4013 Ξίῗιιὶίἦ
522 3890 628 4013 1¹?
647 3897 763 3949 399.
813 3894 1013 3949 Puchta
1047 3895 1121 3947 kl.
1147 3894 1282 3948 civil.

378 3975 443 4012 an
501 3999 514 4012 .
593 4001 605 4014 .

1389 2117 1502 2185 lag,
1552 2119 1676 2186 geht
1711 2133 1805 2170 aus
1841 2116 1957 2169 dem
1994 2117 2125 2170 eben
2160 2116 2419 2184 Gesagten

1388 2187 1593 2241 hervor.
1612 2215 1682 2225 —
1715 2185 1816 2238 Der
1839 2184 1931 2239 Inf.
1959 2185 2232 2252 appellare
2254 2185 2422 2238 bildet

1390 2255 1475 2309 die
1510 2254 1823 2324 Apposition
1859 2271 1925 2308 zu
1960 2256 2100 2306 hane
2132 2260 2397 2307 mam-net.

1459 2329 1509 2378 5.
1564 2325 1695 2378 Cum
1731 2339 1860 2375 vero
1906 2323 2147 2376 schliesst
2195 2323 2305 2375 sich
2355 2338 2421 2376 an

1387 2394 1421 2459 ἕ
1444 2396 1509 2447 35
1548 2409 1628 2446 an.
1684 2396 1902 2444 omnino
1939 2392 2009 2444 im
2043 2390 2421 2458 Allgemeinen‚

1386 2461 1559 2514 wobei
1570 2460 1763 2527 jedoch
1783 2460 1867 2513 fiir
1884 2460 1997 2513 einz
2006 2459 2121 2514 elne
2133 2459 2275 2512 Falle
2289 2459 2420 2513 auch

1387 2528 1471 2581 die
1490 2528 1847 2594 Erweiterung‘
1869 2528 1960 2580 des
1984 2532 2271 2594 imperium
2296 2528 2419 2580 oder

1386 2596 1478 2650 der
1488 2595 1658 2650 Ruhm
1680 2597 1757 2649 als
1770 2594 1946 2649 Grund
1967 2595 2254 2648 anerkannt
2271 2595 2417 2648 wird.

1388 2664 1461 2718 So
1483 2663 1680 2718 ltonnte
1698 2664 1801 2716 Cic.
1827 2679 1924 2717 nur
1947 2663 2037 2715 auf
2053 2663 2227 2716 Grund
2251 2662 2340 2716 der
2363 2663 2418 2715 in

1387 2733 1518 2786 Rom
1544 2732 1778 2801 guitigen
1805 2730 2239 2798 Anschauungen‚
2274 2730 2419 2783 nicht

1383 2817 1507 2855 vom
1543 2800 1998 2870 philosophischen
2055 2798 2418 2868 Standpuukte

1385 2885 1478 2923 aus
1515 2869 1781 2939 sprechen.

1461 2942 1537 2992 11.
1576 2954 1696 2991 eum
1722 2937 2012 3004 Celtiberis,
2046 2936 2141 2989 mit
2178 2936 2276 2989 den
2310 2936 2418 2990 Nu·

1384 3007 1674 3060 mantinern
1709 3005 1815 3059 und
1851 3005 2114 3060 Viriathus
2135 3045 2148 3072 ‚
2183 3004 2226 3057 Π
2260 3004 2294 3073 ξ
2329 3009 2415 3059 40.

1461 3077 1539 3129 14.
1586 3078 1754 3128 Poeni
1785 3102 1830 3113 -
1865 3074 2139 3126 Hannibal
2145 3092 2167 3138 ,·
2202 3073 2291 3126 der
2327 3089 2418 3140 ge-

1386 3143 1681 3197 wohnliche
1693 3142 1942 3196 Vorwurf
1950 3142 2040 3195 der
2048 3142 2237 3194 Romer
2250 3156 2417 3209 gegen

1385 3212 1469 3265 die
1482 3211 1766 3279 Karthager
1782 3210 1887 3263 und
1897 3210 2147 3263 Hannibal
2165 3208 2228 3261 ΙΙΙ
2245 3210 2278 3276 ξ
2301 3212 2415 3264 100.

1384 3280 1450 3332 de
1497 3295 1594 3333 am.
1641 3282 1701 3346 8,
1739 3281 1803 3332 28
1857 3279 2085 3331 alterum
2132 3278 2415 3341 (Hannib.)
2460 3319 2475 3329 .

1379 3354 1606 3416 propter
1640 3346 2012 3400 crudelitatem
2044 3362 2251 3415 semper
2280 3348 2413 3398 haec

1386 3420 1577 3469 civitas
1612 3417 1805 3469 oderit.
1858 3415 1977 3469 Hor.
2004 3431 2156 3470 carm.
2191 3414 2234 3468 11
2274 3418 2356 3483 12,
2382 3417 2413 3467 2

1386 3486 1568 3537 dirum
1621 3485 1992 3537 Humnilmlem.⁴
2079 3484 2179 3537 Der
2228 3483 2414 3536 Zusatz

1385 3554 1528 3607 steht
1549 3554 1644 3607 mit
1667 3551 1958 3606 Riicksicht
1982 3553 2074 3606 auf
2094 3552 2128 3619 ξ
2152 3555 2217 3605 35
2250 3556 2416 3618 parta

1387 3626 1620 3675 victoria
1657 3622 2012 3675 conservandi
2045 3625 2161 3686 cet„
2208 3634 2294 3673 um
2331 3618 2414 3671 die

1387 3690 1744 3758 Vernichtung
1790 3690 2077 3757 Karthagos
2129 3704 2192 3741 zu
2246 3687 2416 3741 recht·

1389 3759 1626 3826 fertigen.
2381 3805 2392 3814 ,

1461 3830 1543 3881 15.
1577 3827 1674 3878 illa
1687 3846 1707 3877 .·
1731 3841 1825 3879 aus
1844 3826 1961 3878 dem
1981 3825 2219 3878 sechsten
2239 3823 2419 3877 Buche

1388 3895 1479 3947 der
1512 3894 1747 3947 Annalen
1783 3894 1875 3947 des
1911 3893 2120 3947 Ennius.
2262 3920 2265 3923 ⁴

1462 3966 1541 4016 17.
1589 3967 1954 4032 cauponantes
1990 3962 2214 4014 bellum:
2250 3958 2418 4012 Nach-
