2813 4537
283 794 368 851 84

302 2507 388 2560 124

394 274 518 336 100

977 275 1061 328 DE
1098 273 1361 329 OFFIGIIS
1397 273 1518 328 LIB.
1544 273 1580 328 1.
1636 272 1777 328 CAP.
1798 277 1881 329 33.
1918 276 2000 329 34.

392 448 875 529 temperantiam,
907 464 1026 527 quo
1056 447 1256 509 minus
1280 447 1357 509 ab
1388 465 1459 507 eo
1489 446 1548 508 id
1568 492 1585 522 ‚
1621 447 1781 527 quod
1809 445 1979 520 desit,
2008 446 2360 526 requiratur.
2421 447 2545 529 Op-

392 544 557 597 tuma
586 541 781 595 autem
824 531 1117 594 hereditas
1145 551 1178 593 a
1200 531 1477 613 patribus
1515 531 1764 594 traditur
1803 531 2005 594 liberis
2045 531 2328 612 omnique
2362 535 2543 613 patri-

393 619 599 681 monio
628 618 1020 700 praestantior
1049 616 1235 696 gloria
1265 617 1495 679 virtutis
1523 635 1842 697 rerumque
1910 628 2164 679 estarum
2183 661 2200 690 ,
2231 617 2329 679 cui
2369 619 2544 680 dede·

394 705 520 768 cori
546 722 678 767 esse
707 703 872 765 nefas
902 713 957 763 et
986 702 1234 784 impium
1266 703 1643 765 iudicandum
1676 712 1780 764 est.
1865 636 1943 767 ᾗ

570 789 646 850 Et
675 788 957 868 quoniam
988 788 1182 849 officia
1212 806 1334 849 non
1366 789 1570 850 eadem
1599 787 1931 869 disparibus
1958 786 2247 850 aetatibus
2272 787 2546 850 tribuun-
2589 802 2618 851 5

293 885 490 938 122tur
533 874 763 954 aliaque
805 881 947 935 sunt
987 873 1301 948 iuvenum,
1344 872 1456 935 alia
1498 872 1833 946 seniorum,
1875 872 2096 953 aliquid
2132 873 2306 936 etiam
2331 874 2408 935 de
2436 874 2547 936 hac

394 960 774 1022 distinctione
815 958 1127 1020 dicendum
1172 966 1279 1020 est.
1339 958 1446 1019 Est
1484 957 1664 1036 igitur
1691 957 2083 1020 adulescentis
2111 959 2367 1020 maiores
2405 974 2545 1021 natu

395 1045 586 1107 vereri
617 1062 806 1125 exque
835 1043 908 1104 iis
936 1042 1194 1122 deligere
1224 1044 1483 1125 optimos
1513 1052 1572 1103 et
1601 1042 2047 1124 probatissimos
2065 1088 2082 1118 ,
2118 1062 2370 1124 quorum
2402 1062 2548 1106 con·

395 1129 527 1193 silio
556 1140 732 1209 atque
761 1127 1108 1191 auctoritate
1138 1129 1391 1190 nitatur:
1439 1127 1701 1190 ineuntis
1742 1128 1899 1189 enim
1943 1128 2148 1191 aetatis
2191 1128 2423 1192 inscitia
2453 1148 2547 1191 se-

397 1233 542 1277 num
563 1213 976 1276 constituenda
996 1222 1055 1275 et
1087 1214 1344 1294 regenda
1365 1213 1679 1294 prudentia
1710 1221 1818 1275 est.
1870 1213 2139 1276 Maxume
2166 1222 2363 1276 autem
2402 1215 2548 1277 haec
2591 1226 2649 1277 ιο

397 1309 556 1363 aetas
584 1319 617 1361 a
645 1298 990 1361 lihidinibus
1030 1300 1280 1361 arcenda
1325 1308 1416 1361 est
1443 1299 1886 1379 exercendaque
1916 1299 1979 1360 in
2009 1298 2210 1361 labore
2239 1299 2546 1381 patientia-

398 1404 517 1467 que
545 1394 603 1447 et
630 1384 811 1446 animi
839 1392 897 1446 et
924 1386 1226 1465 corporis,
1269 1393 1335 1445 ut.
1377 1401 1588 1446 eorum
1627 1392 1688 1445 et
1729 1383 1791 1445 in
1821 1383 2051 1446 bellicis
2091 1395 2148 1446 et
2187 1384 2252 1445 in
2280 1384 2550 1447 civilibus

398 1470 612 1532 officiis
638 1470 827 1548 vigeat
855 1469 1161 1531 industria.
1212 1470 1405 1550 Atque
1426 1469 1599 1531 etiam
1624 1487 1757 1531 cum
1790 1469 2050 1532 relaxare
2072 1470 2304 1532 animos
2332 1477 2387 1531 et
2409 1470 2548 1532 dare

399 1574 464 1617 se
492 1555 841 1618 iucunditati
867 1554 1096 1629 volent,
1143 1562 1384 1617 caveant
1414 1554 1946 1636 intemperantiam,
1980 1555 2355 1616 meminerint
2385 1574 2548 1616 vere-

400 1641 669 1715 cundiae,
700 1641 860 1720 quod
892 1639 1002 1702 erit
1031 1639 1281 1712 facilius,
1320 1641 1369 1702 si
1402 1659 1479 1702 ne
1507 1640 1572 1701 in
1606 1640 1735 1701 eius
1761 1640 1923 1701 modi
1954 1640 2190 1721 quidem
2222 1640 2401 1702 rebus
2428 1658 2554 1702 ma-
2596 1651 2651 1701 15

301 1738 386 1790 123
398 1726 555 1788 iores
585 1733 724 1787 natu
758 1724 961 1786 nolent
998 1725 1306 1788 interesse.
1365 1725 1623 1787 Senibus
1651 1732 1847 1787 autem
1877 1724 2112 1787 labores
2142 1726 2413 1807 corporis
2438 1725 2549 1787 mi-

401 1811 646 1886 nuendi,
676 1810 1122 1873 exercitationes
1141 1811 1323 1873 animi
1347 1810 1521 1872 etiam
1542 1810 1845 1889 augendae
1872 1810 2173 1872 videntur:
2206 1810 2394 1873 danda
2412 1829 2552 1872 vero

401 1916 580 1980 opera
598 1942 615 1972 ‚
646 1904 714 1959 ut
743 1906 802 1957 et
829 1896 1050 1958 amicos
1079 1906 1137 1957 et
1166 1897 1529 1958 iuventutem
1559 1905 1618 1957 et
1644 1895 1895 1957 ωειιίιιιθ
1921 1913 2051 1957 rem
2078 1896 2378 1977 publicam
2405 1915 2552 1958 con·

400 1982 531 2044 silio
576 1989 637 2042 et
678 1981 991 2062 prudentia
1034 1999 1209 2060 quam
1239 1981 1564 2062 plurimum
1604 1981 1897 2042 adiuvent.
1956 1980 2116 2051 Nihil
2144 1991 2338 2043 autem
2369 1981 2554 2060 magis

400 2067 722 2128 cavendum
767 2073 858 2126 est
899 2067 1192 2128 senectuti
1236 2084 1412 2146 quam
1444 2085 1521 2128 ne
1563 2065 1835 2145 languori
1865 2084 1928 2127 se
1968 2066 2339 2147 desidiaeque
2369 2067 2554 2128 dedat.

398 2151 660 2213 Luxuria
690 2168 827 2211 vero
860 2168 996 2212 cum
1039 2151 1200 2213 omni
1241 2151 1414 2214 aetati
1457 2150 1671 2233 turpis,
1717 2159 1845 2213 tum
1894 2152 2181 2214 senectuti
2223 2151 2553 2213 foedissima

383 2245 511 2300 est.
573 2236 680 2299 Siti
717 2242 915 2298 autem
956 2236 1128 2298 etiam
1173 2235 1488 2300 libidinum
1524 2236 1977 2318 intemperantia
2020 2237 2294 2313 accessit,
2338 2237 2556 2320 duplex

403 2323 622 2385 malum
654 2330 776 2396 est,
818 2322 977 2401 quod
1008 2330 1068 2383 et
1108 2322 1235 2403 ipsa
1265 2332 1541 2385 senectus
1570 2323 1825 2384 dedecus
1853 2324 2117 2404 concipit
2146 2331 2203 2384 et
2245 2324 2382 2384 facit
2409 2324 2557 2385 adu-

403 2407 754 2470 lescentium
780 2407 1258 2487 inpudentiorem
1288 2407 1819 2489 intemperantiam.

570 2494 655 2555 Ac
686 2511 762 2553 ne
800 2492 944 2553 illud
976 2493 1211 2574 quidem
1242 2494 1501 2556 alienum
1544 2501 1664 2567 est,
1706 2493 1779 2553 de
1808 2493 2288 2572 magistratuum,
2331 2492 2404 2554 de
2434 2492 2552 2573 pri·

404 2589 671 2642 vatorum
690 2623 706 2653 ‚
737 2577 831 2655 [de
860 2577 1095 2655 civium]
1138 2579 1211 2641 de
1239 2579 1692 2660 peregrinorum
1723 2577 1936 2639 officiis
1963 2577 2177 2640 dicere.
2237 2577 2345 2639 Est
2374 2578 2556 2657 igitur

470 2733 523 2783 -8,
560 2745 732 2794 eoeque
751 2731 822 2778 iis
844 2729 1095 2794 deligere.
1138 2728 1430 2781 Vornehme

406 2797 659 2851 romische
693 2795 972 2862 Junglinge
1016 2796 1284 2849 schlossen
1319 2797 1431 2849 sich

406 2881 475 2917 an
490 2862 816 2916 bedeutende
835 2862 1220 2916 Staatsmanner
1236 2880 1318 2929 an,
1343 2879 1431 2918 um

408 2948 513 2984 von
542 2931 697 2983 ihnen
728 2930 872 2982 nicht
900 2947 996 2983 nur
1024 2931 1319 2998 praktische
1342 2933 1434 2984 Er·-

328 3012 333 3021 ·
406 3000 696 3066 fahmngen
731 2998 813 3051 fur
846 2997 938 3050 das
973 2948 1209 3067 kffnftige
1234 2999 1433 3053 Staats-

408 3068 560 3120 leben
586 3082 651 3118 zu
674 3066 947 3132 sammeln,
979 3068 1201 3120 sondern
1225 3069 1391 3121 auch
1376 3084 1432 3120 ιιι

406 3137 546 3189 ihrer
578 3149 777 3202 ganzen
814 3105 1074 3189 sittli’chen
1109 3135 1432 3189 Personlich-

410 3205 521 3257 keit
554 3203 664 3256 sich
699 3203 831 3256 nach
853 3203 1009 3256 ihnen
1044 3220 1107 3257 zu
1129 3204 1319 3257 bilden.
1374 3203 1429 3258 S.

411 3274 496 3326 die
513 3271 851 3338 Schilderung
866 3272 952 3323 bei
971 3271 1102 3327 Plin.
1122 3288 1202 3341 ep.
1222 3272 1330 3325 VIII
1352 3277 1433 3326 14.

413 3341 484 3394 So
521 3340 720 3393 schloss
754 3340 864 3392 sich
889 3340 991 3392 Cic.
1025 3344 1198 3394 zuerst
1231 3357 1298 3393 an
1332 3341 1432 3393 den

410 3409 606 3476 Augur,
640 3408 776 3460 darm
801 3423 867 3460 an
890 3408 989 3459 den
1011 3407 1252 3462 Pontifex
1279 3407 1433 3461 Scae-

410 3476 533 3530 vola
566 3491 657 3541 an,
705 3490 770 3528 an
806 3474 1085 3529 denselben
1120 3476 1175 3530 P.
1209 3476 1432 3530 Rutilius

408 3546 477 3600 de
512 3543 598 3598 off.
633 3515 676 3595 1’1
710 3543 743 3610 ὅ
768 3548 849 3596 47.
921 3543 991 3596 So
1028 3561 1092 3597 an
1129 3545 1230 3598 Cic.
1267 3545 1433 3598 selhst

411 3615 479 3667 Μ.
500 3613 701 3667 Caelius
718 3614 833 3679 (pro
850 3612 985 3665 Cael.
1005 3617 1054 3676 4,
1067 3615 1138 3679 9),
1161 3612 1228 3666 M.
1244 3612 1434 3666 Teren-

412 3683 516 3736 tius
535 3682 620 3748 (ad
645 3681 764 3734 fam.
782 3679 891 3732 XIII
918 3683 997 3746 10,
1016 3683 1066 3739 2)
1089 3680 1196 3733 und
1212 3681 1431 3736 Andere.

413 3750 530 3817 Vgl.
561 3750 664 3802 Cic.
696 3747 878 3803 deam.
904 3764 947 3802 c.
972 3753 1015 3802 1.
1053 3748 1177 3804 Tac.
1206 3749 1323 3802 dial.
1346 3753 1429 3804 34.

486 3822 566 3873 10.
625 3818 1017 3884 consumenda,
1062 3817 1109 3871 d.
1147 3819 1182 3873 i.
1235 3819 1433 3882 confir-

411 3887 636 3951 manda,
686 3886 1024 3941 stabilienda.
1096 3885 1148 3941 S.
1198 3886 1336 3940 Kritz
1383 3903 1428 3939 z.

414 3953 538 4008 Sall.
591 3953 699 4020 lug.
736 3955 830 4018 31,
869 3957 929 4007 17
983 3959 1215 4007 maiores
1265 3958 1434 4008 vestri

1528 2729 1768 2795 parandi
1816 2730 1956 2778 iuris
2000 2732 2052 2778 et
2083 2730 2386 2778 maiestatis
2434 2743 2558 2779 con-

1530 2797 1832 2848 sumendae
1849 2798 2041 2860 gratia
2073 2798 2151 2846 bis
2173 2825 2206 2832 —
2230 2797 2557 2848 Aventinum

1531 2879 1891 2985 ocffiaegfussz
1909 2931 2115 2984 bezieht
2138 2931 2249 2984 sich
2267 2931 2425 2984 durch
2443 2931 2557 2983 eine

1533 2998 1709 3065 haufig
1726 2999 2126 3053 vorkommende
2153 3000 2465 3052 constructio
2489 2998 2555 3051 ad

1533 3082 1742 3121 sensum
1789 3068 1879 3121 auf
1911 3073 2085 3133 aetas,
2138 3068 2239 3120 wie
2274 3067 2307 3134 ὅ
2348 3071 2440 3121 147
2495 3070 2556 3117 in

1534 3138 1726 3201 quibus
1758 3135 1850 3187 auf
1876 3151 2023 3202 pars.

1606 3207 1686 3257 14.
1717 3204 2053 3255 iucunditati
2079 3204 2150 3258 ist
2172 3202 2408 3256 milderer
2423 3202 2556 3254 Aus-

1534 3270 1695 3323 druck
1714 3271 1795 3323 fiir
1814 3273 2109 3338 voluptati3
2135 3272 2270 3324 deun
2288 3271 2556 3338 voluptati

1531 3357 1587 3391 se
1604 3340 1737 3391 dare
1766 3339 1944 3393 wstrde
1962 3340 2077 3392 eine
2096 3339 2335 3393 tadelnde
2354 3339 2558 3392 Neben-

1532 3407 1831 3475 bedeutung
1868 3408 2251 3463 einschliessen.

1609 3479 1686 3529 18.
1724 3477 1948 3528 consilio
1972 3482 2025 3527 et
2038 3476 2222 3543 prud„
2257 3474 2415 3527 durch
2439 3474 2560 3527 Ein-

1535 3544 1669 3597 sicht
1703 3544 1807 3598 und
1843 3543 2136 3612 praktische
2169 3542 2468 3610 Erfahrung.

1604 3615 1685 3666 22.
1737 3616 1823 3664 ein
1843 3561 2038 3664 litatem
2088 3611 2227 3664 steht
2277 3626 2373 3663 nur
2424 3611 2558 3664 nach

1534 3678 2563 3802 ffifflvffiussfflffiffiffissdfflgffi

1536 3818 1814 3869 hamur-ioci
1827 3822 1955 3868 sunt
1967 3833 2116 3868 senes
2137 3816 2415 3870 versteekt.
2452 3815 2556 3881 vgl.

1533 3884 1758 3954 Seyffert
1792 3886 1828 3940 l.
1864 3885 1948 3938 Gr.
1984 3885 2155 3953 5273.

1602 3957 1683 4008 26.
1714 3955 1781 4006 de
1798 3957 2014 4006 civium.
2050 3953 2166 4007 Von
2186 3952 2286 4007 den
2304 3952 2559 4006 Pflichten

2599 2076 2657 2126 20
