2813 4537
888 266 973 320 DE
1009 264 1270 322 omnus
1305 267 1423 323 ΗΒ.
1442 268 1500 324 11.
1572 268 1714 323 CAP.
1740 271 1820 328 12.

2320 267 2436 331 147

458 437 574 501 Sed
616 448 683 501 ut
725 440 1013 520 pecuniae
1056 459 1179 502 non
1226 441 1599 521 quaerendae
1645 443 1839 504 solum
1878 442 2030 505 ratio
2073 452 2191 518 est,
2237 463 2439 506 verum

284 525 462 586 etiam
491 525 889 600 collocandae,
921 543 1071 604 quae
1100 534 1425 606 perpetuos
1447 536 1723 608 sumptus
1743 528 2083 608 suppeditet
2110 547 2225 591 nec
2247 529 2439 591 solum

286 610 671 686 necessarios,
702 612 806 672 sed
835 610 1012 673 etiam
1042 610 1330 688 liberales,
1378 611 1467 674 sic
1496 612 1682 692 gloria
1712 622 1771 675 et
1801 615 2137 692 quaerenda
2167 623 2227 676 et
2254 615 2438 677 collo-

285 696 472 757 canda
499 695 732 758 ratione
761 703 868 759 est.
929 695 1303 776 Quamquam
1344 698 1645 778 praeclare
1678 696 1952 761 Socrates
1992 699 2146 761 hanc
2185 699 2336 761 viam
2364 700 2438 762 ad

208 791 240 842 ὅ
285 780 532 860 gloriam
561 780 890 862 proximam
920 790 982 843 et
1011 782 1180 862 quasi
1224 782 1726 863 compendiariam
1759 782 1994 845 dicebat
2024 802 2180 860 esse,
2227 785 2277 847 si
2307 785 2438 865 quis

283 866 343 928 id
372 874 590 947 ageret,
621 874 689 928 ut
718 867 908 946 qualis
936 866 1141 929 haberi
1184 868 1358 929 vellet
1386 867 1520 930 talis
1549 876 1722 930 esset.
1782 867 1956 941 Quod
1987 868 2038 931 si
2067 869 2171 949 qui
2199 869 2437 932 simula-

281 951 445 1013 tione
476 960 536 1014 et
556 951 722 1014 inani
753 953 1153 1015 ostentatione
1189 961 1248 1014 et
1275 954 1416 1015 ficto
1447 972 1573 1015 non
1595 955 1774 1016 modo
1804 972 2098 1030 sermone,
2128 955 2231 1017 sed
2261 955 2437 1018 etiam

279 1037 441 1100 voltu
472 1037 743 1100 stabilem
773 1055 836 1099 se
865 1036 1114 1117 gloriam
1143 1038 1432 1117 consequi
1460 1056 1635 1118 posse
1665 1046 1894 1115 rentur,
1929 1041 2312 1102 vehementer
2342 1059 2436 1103 er·

278 1131 436 1184 rant.
481 1122 631 1184 Vera
654 1122 840 1203 gloria
868 1122 1097 1186 radices
1117 1123 1238 1203 agit
1258 1131 1438 1203 atque
1458 1123 1633 1185 etiam
1668 1133 2051 1205 propagatur,
2081 1125 2219 1187 ficta
2236 1126 2436 1188 omnia

175 1215 236 1267 10
280 1207 555 1269 celeriter
582 1216 884 1287 tamquam
924 1208 1155 1270 flosculi
1184 1207 1470 1270 decidunt
1511 1227 1622 1270 nec
1664 1209 2004 1272 simulatum
2039 1218 2238 1291 potest
2266 1211 2435 1290 quic·

282 1311 461 1373 quam
484 1311 613 1356 esse
641 1293 1009 1356 diuturnum.
1058 1293 1264 1355 Testes
1285 1301 1431 1356 sunt
1451 1293 1733 1373 permulti
1761 1294 1823 1356 in
1848 1301 2162 1375 utramque
2186 1304 2434 1377 partem,

280 1378 383 1440 sed
413 1377 717 1440 brevitatis
744 1397 920 1441 causa
960 1378 1178 1440 familia
1207 1379 1478 1441 contenti
1517 1379 1740 1442 erimus
1767 1398 1907 1442 una.
1973 1380 2248 1443 Tiberius
2274 1382 2435 1444 enim

282 1462 582 1526 Gracchus
611 1463 675 1524 P.
707 1463 772 1524 F.
805 1471 925 1525 tam
969 1463 1073 1527 diu
1100 1464 1456 1540 laudabitur,
1501 1466 1644 1526 dum
1674 1464 1957 1527 memoria
1986 1483 2188 1528 rerum
2216 1465 2435 1528 Roma-

280 1567 490 1610 narum
521 1548 817 1613 manebit:
848 1558 908 1611 at
936 1550 1063 1612 eius
1084 1549 1189 1611 filii
1211 1568 1325 1611 nec
1354 1550 1468 1611 vivi
1489 1549 1902 1630 probabantur
1924 1550 2099 1613 bonis
2127 1560 2185 1613 et
2213 1552 2436 1613 mortui

174 1639 234 1691 15
276 1652 595 1696 numerum
626 1633 906 1714 optinent
925 1633 1056 1697 iure
1085 1652 1415 1697 caesorum.
1462 1634 1579 1705 Qui
1600 1635 1784 1715 igitur
1812 1635 2057 1716 adipisci
2084 1655 2282 1698 veram
2305 1636 2434 1717 glo·

275 1719 426 1780 riam
454 1719 631 1801 volet,
663 1718 920 1781 iustitiae
948 1721 1233 1798 fungatur
1262 1718 1505 1781 officiis:
1554 1737 1622 1781 ea
1652 1738 1804 1799 quae
1834 1729 2053 1795 essent,
2095 1720 2318 1783 dictum
2348 1730 2438 1784 est

275 1803 338 1865 in
370 1804 522 1865 libro
552 1802 882 1883 superiore.

346 1972 392 2023 2.
424 1974 714 2037 perpetuos
744 1975 1017 2038 sumptus,
1062 1970 1303 2024 laufende

158 2075 185 2090 e
274 2036 382 2091 Aus
420 2037 569 2104 aben,
588 2038 780 2092 ebenso
794 2038 878 2091 ein
890 2039 1163 2092 stehender
1171 2038 1304 2092 Aus-

276 2105 398 2159 druc
460 2106 561 2158 wie
597 2107 865 2159 collocare
886 2108 993 2160 und
1018 2107 1300 2160 collocatio

272 2188 378 2227 von
413 2173 503 2227 der
536 2174 735 2242 Anlage
771 2175 861 2228 der
896 2175 1196 2244 Capitalien.

342 2244 391 2297 3.
431 2242 701 2311 liberales,
737 2242 785 2299 d.
821 2244 858 2301 i.
894 2248 991 2312 qui
1019 2247 1302 2312 pertinent

275 2311 349 2363 ad
383 2311 587 2363 cultum
621 2314 762 2364 vitae
798 2330 827 2364 e

343 2382 393 2433 4.
428 2382 668 2446 ratione,
711 2381 808 2433 mit

915 2316 1196 2369 antiorem.

895 2380 1083 2435 ethode
1096 2421 1110 2448 ,
1142 2382 1165 2434 1
1198 2383 1230 2448 9
1250 2384 1299 2436 7.

344 2448 693 2528 Quamquam.
785 2447 879 2501 Die
931 2448 1157 2502 Widerle
1231 2463 1301 2516 ng

274 2515 443 2576 dieses
478 2515 738 2569 Emwurfs

271 2583 515 2637 schriften
563 2584 691 2636 uber
735 2555 820 2637 die
854 2584 1173 2653 Erwerbung
1208 2585 1299 2638 des

268 2651 463 2706 Ruhms
490 2652 805 2720 fiberssssssig
830 2652 996 2734 scien²
1021 2652 1157 2720 folgt
1179 2654 1212 2719 ἐ
1230 2656 1300 2708 44

269 2720 392 2786 Sed,
418 2725 484 2772 ut
501 2718 611 2782 fac.
658 2719 804 2773 Denn
820 2721 1060 2788 obglelch
1080 2721 1186 2776 Cic.
1210 2736 1299 2775 an-

267 2789 502 2854 erkennt,
530 2787 650 2841 dass
669 2787 759 2842 der
776 2787 943 2841 Ruhm
968 2789 1059 2842 der
1082 2788 1299 2857 Tugend

269 2857 404 2910 ohne
440 2856 680 2910 weiteres
714 2856 856 2925 folge
891 2856 1066 2924 (Tusc.
1101 2856 1164 2910 111
1199 2857 1232 2925 ξ
1266 2859 1298 2911 3

263 2925 451 2991 glorta
502 2928 699 2977 virtuti
747 2930 969 2978 resonat
1023 2932 1299 2993 tamquam

267 2997 290 3044 i
418 2994 496 3058 o),
521 2993 705 3046 mithin
729 2993 813 3047 die
837 2992 1194 3048 Vorschriften
1217 2994 1300 3047 fiir

266 3062 351 3115 die
409 3060 581 3128 ugend
598 3062 730 3115 auch
749 3062 833 3115 fur
845 3060 944 3115 den
958 3062 1126 3115 Ruhm
1140 3067 1300 3131 gentl—

267 3144 367 3247 {ren
380 3129 611 3196 wurden,
626 3129 738 3183 halt
756 3144 812 3183 er
830 3131 931 3183 eini
969 3146 999 3184 e
1011 3130 1298 3185 besondere

315 3197 621 3252 orschriften
645 3198 788 3251 nicht
811 3198 894 3251 fur
914 3203 949 3251 u
988 3200 1242 3268 erssflssig.

337 3264 612 3318 Socrates.-
664 3264 801 3321 Xen.
855 3281 1005 3321 mem.
1048 3268 1091 3321 11
1135 3271 1193 3334 6,
1229 3270 1296 3321 39

266 3329 404 3384 ἀλλὰ
446 3330 841 3399 συντομωτάτη
885 3351 948 3386 τε
991 3339 1085 3387 καὶ
1118 3330 1296 3406 ἄσφα-

267 3393 502 3465 λεστάτη
569 3403 659 3451 καὶ
715 3396 977 3467 καλλίστη
1034 3397 1183 3467 ὁδός,
1248 3390 1298 3455 ὦ

266 3463 631 3551 Κριτόβουλε,
679 3461 768 3520 ὅτι
802 3461 874 3520 ἂν
908 3466 1079 3541 βούλῃ
1115 3465 1297 3525 δοκεῖν

264 3533 480 3610 ἀγαθος
514 3534 687 3600 εἶναι,
723 3536 886 3589 τοῦτο
916 3541 1008 3589 καὶ
1027 3538 1297 3609 γενέσθαι

264 3603 489 3678 ἀγαθὸν
523 3603 849 3676 πειρᾶσθαι.

334 3677 383 3727 9.
414 3679 786 3740 propagatur,
822 3672 1102 3739 cigentlich
1137 3672 1297 3727 durch

267 3740 467 3795 Senker
486 3740 841 3809 fortpflanzen.
880 3741 983 3795 Cic.
1002 3741 1167 3794 bleibt
1185 3741 1294 3795 also

265 3811 319 3863 in
356 3810 473 3862 dem
507 3824 571 3861 an
609 3809 898 3877 efangenen
932 3808 1098 3863 Bilde.

341 3879 418 3932 12.
461 3875 542 3930 Pi.
645 3880 870 3930 acchus:
906 3877 984 3931 als
1019 3877 1296 3947 Proprfitor

264 3947 320 4001 in
334 3944 615 4014 Hispanien
638 3961 823 4015 zwong
847 3961 902 4000 er
923 3949 1024 4001 575
1044 3948 1188 4014 (179)
1211 3946 1294 4000 die

801 2516 921 2569 dass
958 2517 1145 2570 nabere
1220 2533 1301 2570 or·

1409 1971 1687 2031 ,Celtiberer
1700 1987 1765 2024 zu
1777 1970 1944 2024 einem
1958 1971 2173 2039 billigen
2185 1970 2432 2040 vertrage

1404 2040 1511 2093 und
1545 2054 1767 2107 gewann
1802 2039 1913 2093 sich
1946 2039 2056 2093 ihre
2078 2038 2321 2107 Achtung
2356 2056 2432 2106 so,

1405 2108 1527 2161 dass
1563 2108 1645 2160 die
1669 2107 2004 2161 Numantiner
2038 2108 2169 2161 noch
2205 2111 2300 2163 135
2338 2124 2433 2161 nur

1403 2176 1499 2229 mit
1512 2177 1705 2229 seinem
1718 2174 1891 2229 Sohne
1901 2175 2274 2229 unterhandeln
2285 2176 2435 2230 woll-

1408 2250 1510 2299 ten.
1547 2244 1640 2298 Als
1654 2243 1844 2299 Consul
1857 2245 2111 2312 577(177)
2130 2245 2362 2312 besiegte
2377 2260 2434 2299 er

1404 2313 1489 2366 die
1525 2312 1737 2368 Sal-den.
1809 2313 1901 2366 Als
1937 2313 2129 2368 Censor
2165 2317 2263 2368 585
2290 2315 2435 2379 (169)

1402 2381 1540 2434 wart
1571 2397 1626 2434 er
1660 2380 1744 2434 die
1777 2380 2200 2448 Freigelassenen
2242 2381 2343 2434 alle
2377 2383 2433 2434 in

1404 2448 1489 2502 die
1542 2451 1715 2501 tribm
1765 2449 2055 2515 Esquilina
2119 2464 2431 2504 zusammen.

1403 2517 1469 2570 de
1494 2533 1567 2570 or.
1603 2517 1625 2569 1
1648 2519 1698 2582 9,
1718 2518 1783 2570 38
1819 2522 1980 2582 atquo
2003 2521 2051 2568 is
2080 2546 2118 2557 -
2153 2517 2434 2571 libertinos

1403 2588 1466 2637 in
1487 2587 1728 2637 urbanas
1751 2587 1927 2637 tn'bus
1956 2585 2252 2652 transtulit,
2287 2586 2434 2652 quod

1401 2656 1513 2704 nist
1532 2651 1770 2718 fecisset,
1805 2668 1920 2704 rem
1941 2654 2236 2721 publicam,
2271 2669 2433 2720 quam

1401 2737 1551 2773 nunc
1574 2724 1669 2773 vix
1692 2725 1947 2788 tenemus,
1971 2725 2084 2774 iam
2106 2723 2203 2774 diu
2225 2721 2433 2774 nullam

1401 2792 1730 2842 haberemus.
1774 2788 1843 2842 Er
1865 2805 1973 2842 war
1996 2789 2086 2843 der
2110 2788 2432 2858 Schwieger·

1402 2859 1534 2912 sohn
1559 2857 1652 2911 des
1676 2857 1842 2910 iiltern
1857 2857 2145 2911 Africanus.
2193 2858 2296 2913 Cic.
2315 2858 2430 2911 lobt

1400 2926 1517 2993 ihu,
1543 2925 1643 2980 den
1666 2925 1882 2993 eiffigen
1909 2925 2228 2995 optimatem
2253 2925 2430 2994 hfiufig

1402 2995 1487 3059 (de
1506 2995 1853 3061 or.148,211.
1878 2992 2022 3048 Brut.
2040 2997 2125 3061 20,
2138 2998 2220 3049 79.
2257 2995 2322 3047 de
2340 2993 2429 3049 fin.

1399 3062 1469 3115 IV
1489 3066 1571 3129 24,
1593 3063 1697 3128 65),
1731 3062 1803 3114 im
1826 3061 2115 3129 Gegensatz
2151 3079 2216 3116 zu
2253 3063 2430 3116 seinen

1402 3129 1612 3184 Schnen
1625 3170 1640 3196 ,
1675 3129 1728 3182 in
1765 3130 1933 3184 denen
1968 3145 2024 3183 er
2058 3146 2152 3184 nur
2187 3130 2434 3185 ehrsfich·

1399 3200 1507 3267 tige
1542 3197 1943 3252 Revolutioniire
1978 3197 2133 3253 sicht.

1474 3271 1554 3320 14.
1591 3269 1776 3318 bonis.-
1813 3264 1904 3318 der
1937 3265 2227 3333 Gegensatz
2265 3267 2432 3329 (mor-

1400 3334 1998 3470 ata-wa
2023 3333 2429 3456 sassie

1994 3442 2008 3469 2

1400 3471 1667 3525 Patrioten
1701 3470 1879 3524 meint.
1915 3498 1984 3509 --
2029 3470 2123 3524 Bei
2157 3474 2278 3523 iure
2313 3487 2432 3522 cae-

1398 3555 1583 3592 sorum
1620 3539 1821 3592 scheint
1844 3553 1900 3591 er
1934 3554 2001 3593 an
2033 3537 2126 3592 das
2150 3537 2300 3592 Wort
2336 3538 2431 3592 des
2505 3562 2511 3570 ·

1391 3609 1647 3676 jungerer}
1719 3607 1991 3728 Afrhiiciinus
2072 3606 2293 3728 sejam
2362 3622 2428 3660 zu

1398 3676 2017 3810 msshtgffogassbwz’,
2045 3673 2429 3810 Squtgrzanfqif

1401 3812 1635 3866 Gracchi
1667 3818 1840 3865 morte
1870 3814 2117 3879 sentiret,
2150 3812 2432 3880 respondit

1398 3883 1521 3933 iure
1556 3896 1768 3933 caesum
1801 3881 1993 3933 videri.

1476 3952 1553 4004 17.
1581 3952 1641 4002 in
1661 3949 1800 4001 libro
1817 3951 2123 4017 :uper-iore.-
2146 3946 2167 4000 1
2195 3962 2238 4001 c.
2260 3949 2423 4000 7-14.

1984 4032 2092 4086 10*
