2813 4537
127 1133 268 1270 y?
280 1153 365 1205 109

9 1279 13 1283 .
19 1256 125 1354 {W

120 1595 230 1657 ὡκ*

242 1541 307 1609 ωδ

388 283 470 345 92

1207 367 1258 441 *ss

1021 285 1105 338 DE
1142 284 1404 338 OFFICIIS
1440 285 1558 339 LIB.
1578 285 1615 338 1.
1664 285 1805 338 CAP.
1826 289 1907 339 30.

384 459 694 522 sermonis·
718 467 894 540 atque
922 459 1002 521 -in
1047 458 1244 607 omasi(
1255 458 1525 520 oratione
1575 456 1975 522 simulatorem
1994 504 2011 533 ‚
2071 476 2248 540 quem
2294 454 2541 543 εἴρωνα

388 545 596 608 Graeci
629 544 1047 620 nominarunt,
1093 544 1172 606 So
1242 551 1396 606 atem
1426 543 1792 625 accepimus:
1823 544 2455 624 contraPythagoram
2485 554 2543 606 et

382 629 672 693 Periclem
706 648 995 692 summam
1040 629 1452 692 auctoritatem
1497 636 1852 692 consecutos
1895 629 2023 692 sine
2063 629 2185 692 ulla
2225 629 2538 693 hilaritate.

385 715 673 778 Callidum
701 713 1089 777 Hannibalem
1121 734 1192 777 ex
1220 714 1561 777 Poenorum
1579 760 1595 790 ,
1627 733 1698 777 ex
1728 716 1947 776 nostris
1975 715 2227 778 ducibus
2256 715 2327 787 Q.
2357 716 2539 778 Maxi-

383 819 546 863 mum
589 800 928 882 accepimus
957 800 1126 870 facile
1157 799 1347 862 celare
1376 809 1603 875 tacere,
1641 799 2011 863 dissimulare
2039 801 2338 878 insidiari,
2371 820 2541 883 prae·
2582 808 2612 859 5

381 887 578 968 ripere
619 886 879 948 hostium
922 886 1186 948 consilia.
1245 885 1316 946 In
1360 903 1480 966 quo
1510 903 1729 965 genere
1758 885 1965 952 Graeci
1994 886 2455 950 Themistoclem
2484 896 2543 950 et

380 971 709 1034 Pheraeum
749 971 1001 1034 Iasonen
1046 971 1257 1033 ceteris
1296 978 1689 1053 anteponunt.
1756 972 1827 1033 In
1869 972 2197 1054 primisque
2238 982 2540 1036 versutum

383 1066 442 1119 et
469 1055 743 1120 callidum
773 1057 995 1119 factum
1025 1056 1292 1131 SoloniS,
1337 1057 1440 1136 qui
1457 1103 1474 1133 ,
1519 1074 1638 1137 quo
1670 1065 1726 1119 et
1769 1057 1954 1120 tutior
1984 1057 2111 1120 eius
2139 1059 2254 1122 vita
2296 1068 2448 1121 esset
2479 1067 2540 1121 et

380 1142 517 1224 plus
545 1141 849 1221 aliquanto
878 1142 964 1203 rei
996 1142 1269 1224 puhlicae
1299 1143 1636 1222 prodesset,
1681 1141 1878 1204 furere
1908 1162 1971 1205 se
2013 1143 2325 1206 simulavit.

379 1228 475 1290 his
504 1227 605 1290 alii
634 1225 887 1289 multum
915 1227 1200 1310 dispareS,
1231 1227 1533 1308 simplices
1562 1235 1624 1290 et
1643 1228 1853 1310 aperti,
1883 1229 1986 1310 qui
2009 1229 2158 1291 nihil
2188 1249 2260 1291 ex

2427 1151 2540 1206 unt

2392 1228 2536 1304 ulto,

381 1312 530 1374 nihil
553 1313 625 1375 de
647 1312 878 1374 insidiis
898 1314 1188 1393 agendum
1213 1322 1446 1394 putant,
1467 1312 1727 1375 veritatis
1745 1314 2026 1389 cultoreS,
2046 1316 2269 1378 fraudis
2291 1315 2536 1378 inimici.

378 1398 645 1479 Itemque
686 1397 817 1473 alii,
861 1398 963 1479 qui
1007 1398 1238 1480 quidvis
1282 1399 1719 1480 perpetiantur,
1764 1400 1949 1461 cuivis
1992 1401 2350 1475 deserviant,
2395 1401 2536 1462 dum

380 1484 538 1565 quod
582 1483 766 1545 velint
807 1493 1278 1565 consequantur,
1319 1491 1390 1545 ut
1423 1483 1647 1546 Sullam
1680 1493 1737 1546 et
1768 1484 1845 1546 M.
1877 1484 2149 1551 Crassum
2181 1485 2536 1549 videbamus.
2580 1540 2583 1543 ,

380 1568 511 1640 Quo
569 1570 634 1631 in
693 1587 910 1649 genere
968 1568 1436 1632 versutissimum
1488 1578 1547 1631 et
1597 1569 2092 1651 patientissimum
2145 1570 2536 1647 Lacedaemo-

381 1655 546 1718 nium
575 1654 944 1736 Lysandrum
972 1656 1342 1737 accepimuS,
1386 1664 1713 1735 contraque
1744 1656 2200 1731 Callicratidam,
2232 1658 2334 1738 qui
2367 1676 2534 1739 prae·

453 1791 494 1841 1.
531 1787 723 1858 εἴρωνε
771 1788 913 1841 Brut.
946 1792 1027 1854 85,
1048 1791 1147 1842 292
1186 1806 1305 1841 eum
1342 1792 1410 1842 de

376 1859 646 1925 sapientia
697 1857 1047 1923 disceptetur,
1111 1860 1251 1910 hanc
1301 1862 1410 1910 sibi

377 1929 553 1992 ipsum
576 1926 877 1991 detrahere,
914 1929 991 1976 eis
1019 1927 1262 1978 tribuere
1284 1927 1408 1979 illu-

378 1995 604 2058 dentem,
640 1996 735 2060 qui
770 2009 886 2044 eam
906 1996 1013 2045 sibi
1036 2000 1318 2061 arrogant,
1344 2002 1410 2047 ut

377 2063 527 2128 apud
542 2062 816 2114 Platonem
834 2061 1084 2114 Socrates
1110 2065 1172 2114 in
1199 2063 1403 2115 eaelum

377 2131 533 2194 effert
584 2130 834 2182 laudibus
878 2132 1236 2196 Protagoram
1271 2161 1314 2170 —
1347 2150 1404 2184 se

377 2203 556 2249 autem
623 2201 862 2250 omnium
928 2214 1112 2250 rerum
1171 2203 1404 2252 inscium

374 2267 543 2333 fingit
575 2273 627 2319 et
657 2266 865 2320 rudem.
928 2265 974 2317 V
1010 2268 1042 2321 1.
1079 2267 1237 2322 Acad.
1274 2267 1316 2321 11
1351 2275 1401 2337 5,

382 2339 459 2402 15,
514 2351 598 2389 wo
657 2335 910 2409 εἰρωνεία
997 2337 1121 2391 urch
1157 2338 1403 2391 dissimu-

379 2405 508 2456 latio
544 2405 809 2458 ubersetzt
841 2405 926 2457 ist.
965 2406 971 2410 ’

445 2493 493 2542 3.
565 2491 856 2542 Periclem.-
925 2491 1062 2545 Plut.
1097 2489 1212 2543 Per.
1248 2496 1278 2546 5
1339 2487 1402 2544 οὗ

372 2553 548 2625 μόνον
586 2553 658 2612 ὥς
691 2559 832 2611 ἔοικε
863 2557 931 2612 τὸ
955 2554 1212 2630 φρόνημα
1235 2564 1399 2627 σοβα-

374 2624 475 2713 ρὸν
507 2631 600 2678 καὶ
632 2625 734 2680 τὸν
769 2624 933 2699 λόγον
964 2623 1182 2698 ὑψηλὸν
1217 2627 1323 2693 εἶχε
1357 2658 1401 2667 -

373 2692 512 2747 αλλὰ
588 2699 680 2747 καὶ
762 2693 1062 2767 προσώπου
1141 2693 1401 2750 σύστασις

373 2760 660 2837 ἄθρυπτος
694 2762 767 2815 εἰς
798 2761 1030 2840 γέλῳτα.

443 2852 493 2903 4.
532 2849 591 2913 Q.
628 2848 930 2899 Maximus:
975 2849 1007 2916 ξ
1044 2852 1126 2902 84.

444 2936 492 2986 7.
547 2932 735 2996 Iason,
789 2931 830 2983 T
872 2947 997 2984 rann
1045 2948 1148 2986 von
1190 2932 1402 3002 Pherae,

376 3001 467 3053 der
487 3000 597 3052 sich
626 2999 786 3053 durch
870 2999 1048 3067 ugheit
1065 3000 1171 3054 und
1191 3000 1403 3070 Tapfer-

375 3068 486 3121 keit
502 3084 620 3121 zum
637 3067 810 3135 Tagos
829 3085 931 3122 von
952 3082 1081 3135 ganz
1101 3067 1402 3124 Thessalien

376 3137 579 3192 machte
615 3136 719 3190 und
755 3136 853 3189 den
879 3137 1231 3204 griechischen
1257 3137 1403 3192 Staa-

375 3211 463 3259 ten
511 3205 807 3273 gegeniiber
859 3205 1086 3259 dieselbe
1135 3205 1285 3260 Rolle
1337 3223 1402 3260 zu

374 3273 572 3343 spielen
606 3274 827 3341 begann,
864 3275 966 3327 wie
1002 3276 1177 3342 spater
1208 3274 1341 3328 Phili

373 3358 488 3410 pus,
560 3341 803 3395 Grossere
839 3342 1002 3400 Plane
1047 3356 1111 3395 zu
1154 3345 1342 3396 verwir
1379 3372 1402 3382 -

370 3411 542 3463 lichen
577 3409 811 3462 hinderte
866 3411 955 3463 ihn
1005 3412 1116 3464 sein
1152 3411 1265 3466 'l'od
1321 3412 1399 3465 01.

345 3479 349 3483 ’
371 3481 455 3544 92,
492 3480 524 3531 2
562 3479 721 3545 (360).

441 3567 489 3619 8.
515 3563 746 3618 Solonis.
782 3562 1020 3616 Bekannt
1037 3564 1107 3617 ist
1125 3564 1207 3617 die
1229 3565 1400 3618 Anek-

372 3634 511 3699 dote,
535 3632 655 3686 dass
667 3630 952 3712 Solon,·um
964 3632 1055 3685 der
1065 3631 1398 3687 Todesstrafe

373 3700 1400 3837 {2²113⁰i⁸rss¹ssfissssun2¹³a02⁰1irf¹02¹zsss¹ssssfi

375 3838 592 3907 Salamis
638 3842 842 3905 gesetzt
888 3853 1022 3903 war,
1076 3838 1186 3891 sich
1223 3839 1400 3892 wahn·

373 3906 544 3974 sinnig
561 3906 773 3974 gestellt
790 3906 923 3959 habe
936 3946 951 3972 ,
981 3906 1059 3959 als
1078 3921 1132 3960 er
1152 3907 1243 3961 das
1261 3907 1400 3960 Volk

374 3976 532 4029 durch
588 3974 731 4027 seine
778 3973 955 4040 Elegie
1011 3973 1229 4029 Salamis
1281 3991 1399 4029 zum

1510 1790 1728 1858 Kampfe
1780 1789 2107 1856 hegeisterte.
2184 1790 2318 1843 Plut.
2357 1790 2465 1844 Sol.
2503 1794 2533 1844 8

1508 1857 1695 1911 Justin.
1732 1856 1775 1909 11
1812 1861 1862 1909 7.

1576 1930 1691 1978 eius
1714 1929 1854 1977 vita.-
1902 1930 2017 1978 eius
2055 1926 2197 1979 nicht
2218 1943 2318 1979 sua
2351 1928 2422 1980 ist
2445 1943 2534 1995 ge-

1508 1998 1671 2060 setzt,
1708 1993 1832 2047 weil
1866 1994 1955 2047 der
1992 1993 2113 2047 Satz
2149 1994 2292 2048 nicht
2326 1995 2403 2048 als
2445 1996 2533 2048 der

1508 2062 1751 2116 Gedanke
1769 2062 1861 2116 des
1884 2062 2069 2127 Solon,
2100 2063 2321 2117 sondern
2352 2064 2430 2116 als
2449 2064 2532 2116 die

1506 2131 1751 2197 Absicht,
1800 2131 1998 2184 welche
2036 2132 2136 2184 Cic.
2175 2132 2279 2184 ihm
2320 2131 2531 2199 beilegt,

1505 2199 1918 2267 ausgesprochen
1932 2200 2077 2253 wird.
2102 2199 2209 2254 Liv.
2224 2200 2340 2265 154,
2353 2204 2383 2254 5
2404 2199 2535 2252 Tar·

1505 2272 1725 2336 quintus
1757 2298 1804 2307 --
1839 2286 1909 2320 ex
1941 2273 2056 2320 suis
2087 2285 2257 2320 unum
2297 2272 2536 2322 sciscita-

1508 2343 1620 2389 tum
1676 2336 1900 2389 Romam
1957 2339 2032 2389 ad
2081 2343 2294 2405 patrem
2351 2341 2537 2406 mittit,

1508 2406 1767 2472 quidnam
1799 2423 1856 2458 se
1898 2405 2081 2468 faeere
2107 2407 2279 2473 vellet,
2319 2407 2533 2471 quando

1507 2475 1750 2541 quidem,
1804 2480 1869 2526 ut
1923 2477 2104 2526 omnia
2154 2491 2297 2526 unus
2352 2475 2536 2528 Gabiis

1503 2548 1703 2610 posset,
1752 2546 1803 2594 ei
1835 2544 1917 2594 dii
1951 2543 2270 2595 dedissunt*
2313 2543 2433 2596 Hier
2466 2544 2536 2596 ist

1508 2614 1561 2662 ei
1593 2626 1716 2663 vom
1742 2609 2101 2679 Standpunkte
2136 2611 2229 2663 des
2252 2610 2421 2665 Boten
2450 2626 2539 2679 ge-

1509 2685 1641 2746 sagt.

1509 2831 1613 2868 von
1629 2816 1759 2868 ihm:
1779 2814 2067 2882 facundus,
2087 2815 2316 2868 callidus
2332 2822 2386 2867 et
2402 2821 2538 2868 ami-

1509 2887 1642 2936 citia
1659 2883 1867 2949 facilis,
1899 2884 1973 2935 ad
1990 2884 2299 2936 simulanda
2315 2890 2536 2951 negotia

1508 2953 1739 3006 altitudo
1752 2954 1965 3017 ingenii
1974 2953 2325 3019 incredibilia,
2343 2954 2536 3005 multa—

1504 3036 1630 3072 rum
1651 3036 1848 3075 ,rerum
1896 3036 1962 3071 ae
1995 3024 2233 3072 maz-ime
2270 3025 2534 3088 pamniae

1510 3090 1760 3155 largitor.
1831 3087 2076 3141 Plutarch
2114 3089 2257 3142 stellt
2290 3090 2379 3142 ihn
2420 3089 2535 3142 des-

1506 3157 1627 3209 halb
1664 3157 1759 3208 mit
1793 3156 2055 3224 Lysander
2090 3173 2402 3211 zusammen.

1573 3226 1645 3278 M.
1674 3225 1924 3278 Crassus:
1958 3224 1993 3291 ξ
2018 3228 2099 3279 25.
2136 3225 2198 3277 111
2221 3225 2255 3293 ξ
2274 3230 2358 3280 73.
2396 3225 2531 3280 Plut.

1507 3294 1671 3347 Crass.
1728 3297 1759 3347 6
1834 3297 2013 3345 καίτοι
2083 3288 2397 3347 δεινότατος
2464 3283 2534 3360 ἦν

1504 3357 1753 3432 Κράσσος
1799 3356 2012 3415 πάντας
2057 3355 2398 3433 ἀνθρώπους
2444 3381 2529 3414 κο-

1505 3426 1696 3496 λακείᾳ
1730 3426 2196 3502 κατεργάσασθαι.

1468 3497 1472 3501 ’
1579 3501 1657 3553 15.
1683 3498 2091 3552 Callicratidas:
2110 3498 2239 3565 584.
2272 3496 2531 3552 Wfihrend

1503 3567 1766 3635 Lysander
1790 3567 1950 3620 durch
1976 3565 2414 3619 schmeichelndes
2433 3565 2531 3618 Be-

1503 3636 1723 3689 nehmen
1747 3634 2071 3688 bedentende
2089 3634 2535 3688 Geldunterstiitz-

1503 3719 1675 3772 ungen
1711 3719 1815 3756 von
1851 3702 1967 3756 dem
1995 3704 2221 3770 jungern
2256 3701 2423 3771 Cyrus
2458 3720 2535 3755 er-

1502 3771 1679 3840 langte
1715 3774 1883 3839 (407),
1937 3772 2093 3835 reiste
2131 3770 2281 3838 Call„
2337 3770 2403 3824 da
2444 3771 2532 3823 ibn

1505 3841 1667 3908 Cyrus
1721 3840 1891 3907 einige
1941 3837 2086 3907 Tage
2140 3843 2338 3892 warten
2388 3839 2528 3905 lices,

2595 1058 2645 1109 ρ

2583 1100 2608 1133 0

2582 1232 2639 1284 lo

2578 1675 2637 1725 15

1584 2750 1659 2801 13.
1716 2746 1900 2799 Sulla.-
1949 2745 2071 2799 Sall.
2107 2746 2212 2814 lug.
2235 2751 2368 2814 95‚3
2418 2754 2537 2816 sagt
2576 2715 2580 2719 ¹

1502 3909 1909 3961 unverrichteter
1944 3906 2112 3961 Sache
2149 3908 2231 3974 ab,
2267 3907 2439 3961 indem
2473 3923 2528 3960 er
2577 3912 2582 3919 “

1504 3992 1561 4030 es
1616 3976 1757 4030 eines
1810 3976 2057 4030 Griechen
2117 3976 2200 4030 fur
2255 3975 2530 4059 unwt‘irdig
