2813 4537
259 467 317 518 79

263 1746 319 1797 81

364 278 447 341 76
986 282 1070 334 DE
1107 280 1368 334 OFFICIIS
1403 280 1523 334 LIB.
1557 280 1592 333 1.
1663 279 1805 333 CAP.
1844 283 1926 334 23.

361 474 477 538 que
508 455 876 536 quaerimuS‚
917 454 1098 516 animi
1128 455 1413 528 efficitur,
1457 471 1579 514 non
1623 454 1890 535 corporis
1920 453 2163 516 viribus.
2223 453 2520 516 Exercen-

364 543 505 604 dum
548 550 744 603 tamen
790 558 1008 621 corpus
1052 548 1109 602 et
1151 540 1231 603 ita
1274 539 1650 601 afficiendum
1680 548 1800 615 est,
1843 547 1912 601 ut
1954 538 2236 602 oboedire
2266 539 2519 602 consilio

361 627 697 707 rationique
739 626 927 706 possit
968 625 1031 688 in
1065 625 1454 706 exsequendis
1483 626 1738 705 negotiis
1779 634 1837 687 et
1865 625 1927 686 in
1958 625 2162 703 labore
2189 625 2518 690 tolerando.

364 712 696 774 Honestum
725 720 922 774 autem
950 710 1030 785 id,
1062 712 1220 793 quod
1251 711 1636 792 exquirimus,
1665 719 1855 773 totum
1886 719 1973 773 est
2002 710 2265 792 positum
2297 711 2359 772 in
2390 711 2520 773 ani-

362 797 446 859 mi
476 815 619 859 cura
649 806 708 858 et
736 797 1127 877 cogitatione:
1169 797 1232 860 in
1277 815 1396 877 quo
1441 815 1562 858 non
1595 797 1886 858 minorem
1930 796 2241 859 utilitatem
2270 797 2525 859 afferunt
2550 804 2580 853 5

367 882 469 964 qui
498 882 680 962 togati
708 882 796 944 rei
828 881 1098 963 publicae
1127 890 1413 963 praesunt
1441 901 1617 963 quam
1648 882 1749 964 qui
1780 881 2000 944 bellum
2030 893 2264 961 gerunt.
2318 882 2521 962 Itaque

368 986 575 1030 eorum
623 967 872 1030 consilio
918 986 1094 1048 saepe
1136 978 1238 1030 aut
1282 987 1403 1029 non
1451 976 1723 1050 suscepta
1751 976 1854 1031 aut
1882 968 2152 1031 confecta
2182 966 2331 1030 bella
2360 977 2520 1045 sunt,

368 1072 491 1115 non
522 1071 846 1134 numquam
877 1052 1049 1115 etiam
1087 1052 1297 1129 inlata,
1337 1063 1405 1116 ut
1433 1053 1512 1114 M.
1543 1052 1789 1116 Catonis
1819 1053 2038 1116 bellum
2066 1053 2307 1116 tertium
2337 1052 2521 1115 Puni-

364 1157 530 1213 cum,
571 1139 632 1200 in
678 1157 798 1235 quo
840 1137 1013 1200 etiam
1056 1139 1276 1201 mortui
1315 1139 1497 1201 valuit
1524 1139 1860 1202 auctoritas
1922 1138 2051 1211 Qua
2090 1158 2156 1202 re
2196 1139 2521 1220 expetenda

366 1225 604 1305 quidem
648 1223 835 1304 magis
879 1233 968 1286 est
1010 1225 1366 1287 decernendi
1428 1224 1576 1287 ratio
1621 1244 1796 1306 quam
1842 1225 2177 1288 decertandi
2222 1225 2525 1298 fortitudo,
2567 1232 2625 1283 1ss

366 1311 466 1371 sed
498 1310 821 1372 cavendum
865 1327 940 1370 ne
983 1310 1041 1371 id
1081 1309 1338 1373 bellandi
1368 1311 1557 1390 magis
1598 1311 1735 1390 fuga
1766 1329 1942 1391 quam
1987 1310 2254 1373 utilitatis
2294 1304 2524 1372 ratione

364 1395 665 1457 faciamus.
728 1393 955 1456 Bellum
999 1406 1196 1458 autem
1228 1396 1304 1458 ita
1336 1396 1727 1478 suscipiatur,
1770 1406 1834 1459 ut
1878 1396 2026 1459 nihil
2068 1396 2226 1459 aliud
2259 1396 2372 1457 nisi
2412 1414 2524 1477 pax

367 1481 627 1561 quaesita
656 1480 938 1542 videatur.

539 1566 733 1628 Fortis
773 1583 909 1627 vero
939 1565 1120 1627 animi
1164 1572 1223 1626 et
1253 1566 1583 1628 constantis
1613 1574 1702 1627 est
1732 1585 1854 1629 non
1890 1565 2268 1647 perturbari
2253 1585 2314 1627 m
2344 1565 2524 1627 rebus

366 1651 592 1732 asperis
637 1670 749 1714 nec
778 1650 1235 1713 tumultuantem
1277 1644 1367 1713 de
1379 1652 1564 1730 gradu
1607 1651 1792 1726 deici,
1832 1659 1900 1714 ut
1928 1651 2175 1727 dicitur,
2219 1653 2322 1713 sed
2351 1670 2523 1733 prae-

366 1736 520 1799 senti
562 1735 760 1800 animo
808 1736 895 1799 uti
936 1744 995 1798 et
1024 1736 1275 1799 consilio
1319 1755 1430 1799 nec
1460 1757 1493 1799 a
1522 1737 1751 1799 ratione
1778 1736 2098 1799 discedere.
2157 1735 2522 1818 Quamquam

366 1824 482 1885 hoc
512 1822 723 1897 animi,
756 1821 900 1884 illud
939 1822 1113 1884 etiam
1143 1822 1369 1903 ingenii
1399 1822 1600 1902 magni
1632 1830 1756 1898 est,
1797 1822 2139 1904 praecipere
2168 1822 2524 1902 cogitatione

368 1908 567 1969 futura
590 1916 649 1970 et
670 1906 973 1988 aliquanto
995 1915 1136 1970 ante
1158 1909 1522 1970 constituere
1545 1908 1685 1989 quid
1708 1908 1975 1971 accidere
1997 1909 2187 1989 possit
2214 1908 2277 1970 in
2301 1915 2522 1969 utram-

368 2011 484 2073 que
516 2000 740 2074 partem
772 2003 827 2054 et
860 1993 1000 2073 quid
1044 1994 1338 2072 agendum
1376 1994 1482 2068 sit,
1528 2011 1663 2055 cum
1710 1993 1850 2075 quid
1884 1995 2172 2068 evenerit,
2216 2012 2329 2055 nec
2360 2011 2523 2054 com-

2570 1657 2626 1709 15

366 2078 599 2140 mittere
642 2086 706 2140 ut
746 2076 1061 2159 aliquando
1104 2077 1422 2141 dicendum
1462 2079 1566 2141 sit:
1615 2083 1760 2141 ‘non
1805 2077 2110 2159 putaram’.
2185 2078 2342 2141 Haec
2386 2086 2527 2140 sunt
2568 2087 2627 2137 20

369 2181 548 2244 opera
580 2162 779 2243 magni
821 2162 1003 2224 animi
1049 2170 1109 2225 et
1152 2164 1366 2227 excelsi
1412 2173 1470 2226 et
1515 2164 1823 2246 prudentia
1868 2164 2238 2246 consilioque
2270 2165 2522 2227 fidentis.

370 2248 618 2312 Temere
664 2257 859 2313 autem
903 2249 964 2312 in
994 2248 1121 2312 acie
1149 2250 1366 2313 versari
1398 2257 1457 2312 et
1485 2268 1663 2313 manu
1694 2267 1831 2313 cum
1862 2251 2034 2314 hoste
2065 2250 2385 2330 confligere
2414 2250 2526 2312 im-

373 2400 494 2451 weil
542 2399 616 2452 sie
664 2414 841 2453 ausser
877 2400 1122 2467 geistiger
1161 2400 1397 2468 zugleich
1577 2404 1652 2454 14.
1717 2402 1909 2454 Fortis
1961 2404 2134 2453 animi
2168 2430 2211 2439 —-
2253 2406 2528 2470 praesenti

372 2467 696 2536 korperliche
748 2467 1083 2548 Tuchtigkeit
1136 2469 1395 2537 verlange.
1501 2472 1686 2521 animo
1706 2472 1808 2521 uti.
1853 2469 1935 2522 Da
1970 2484 2036 2521 zu
2060 2473 2405 2537 perturbari,
2442 2475 2528 2523 uti

368 2535 468 2589 Der
489 2535 854 2603 2.Bewe1s1st‚
875 2537 993 2591 dass
1007 2537 1090 2590 die
1103 2536 1400 2591 Besonnen-
1500 2542 1599 2590 etc.
1653 2538 1731 2590 als
1791 2537 2006 2603 SubJect
2061 2538 2205 2591 nicht
2242 2542 2528 2621 priimum,

369 2605 479 2657 heit
497 2604 637 2658 edler
667 2605 744 2657 als
774 2607 1080 2659 sturmisebe
1098 2605 1399 2674 Tapserkeit
1501 2606 1723 2664 sondern
1760 2606 1995 2672 aliquem
2040 2622 2106 2659 zu
2149 2621 2402 2674 erganzen
2435 2608 2524 2674 ist,

368 2675 453 2728 ist.
523 2673 622 2726 Der
679 2674 836 2727 letzte
891 2674 1013 2727 Satz
1068 2675 1263 2726 bellum
1298 2679 1397 2729 cet.
1500 2674 1572 2727 ist
1604 2690 1661 2727 es
1697 2675 1840 2727 nicht
1874 2675 2162 2742 anstossig‚
2210 2675 2330 2728 dass
2365 2680 2526 2729 unter

370 2741 510 2794 steht
544 2756 609 2795 zu
641 2741 759 2794 dem
788 2743 1047 2809 fibrigen
1033 2759 1087 2794 ιιι
1117 2742 1283 2796 losem
1301 2744 1399 2795 Zu-
1502 2741 1602 2795 den
1619 2742 1977 2795 Kennzeichen
2005 2742 2098 2795 des
2125 2741 2294 2804 fortis
2310 2748 2526 2796 animus

369 2811 752 2877 sammenhang.
818 2814 1128 2876 quaerimus
1163 2827 1250 2877 ex,
1286 2810 1399 2863 her·
1501 2811 1632 2862 auch
1687 2814 1958 2877 praetenti
2005 2814 2187 2864 animo
2233 2817 2320 2865 uti
2369 2828 2525 2880 ange·

368 2877 527 2930 leiten
572 2893 703 2939 von3
761 2879 866 2944 vgl.
911 2880 944 2946 ξ
981 2883 1042 2932 51
1083 2895 1196 2930 una
1232 2896 1302 2930 ea:
1333 2896 1395 2932 re
1500 2878 1641 2931 fuhrt
1677 2878 1820 2932 wird.

363 2947 658 3012 praecipit.
1573 2951 1651 3001 15.
1726 2947 2143 3000 tumultuantem
2213 2948 2280 3000 de
2338 2949 2525 3014 gradu

442 3016 488 3066 5.
540 3016 599 3063 in
635 3028 758 3080 quo,
804 3012 858 3066 in
895 3013 1064 3066 dieser
1104 3014 1399 3082 Beziehung
1500 3015 1668 3081 deici,
1721 3014 1951 3068 larmend
1994 3018 2111 3082 (vor
2144 3015 2372 3069 Schreck
2418 3017 2523 3069 und

371 3081 526 3134 naml.
574 3097 686 3134 was
720 3081 805 3134 die
840 3082 1060 3149 geistige
1095 3082 1397 3150 Thiitigkeit
1499 3054 1849 3151 Verwirrung)
1915 3083 2015 3137 den
2068 3084 2207 3153 Kopf
2254 3085 2522 3138 verlieren.
2605 3099 2608 3102 ·

369 3149 662 3217 anbelangt.
1498 3150 1601 3204 Das
1637 3150 1753 3204 Bild
1795 3152 1867 3205 ist
1912 3168 2015 3206 von
2061 3152 2159 3205 den
2196 3153 2523 3206 Gladiatoren

440 3222 489 3272 9.
525 3223 744 3272 mortui.
801 3218 927 3272 Cato
951 3221 1092 3272 starb
1116 3223 1215 3274 605
1234 3221 1393 3287 (149),
1499 3235 1821 3287 genommen.
1884 3218 1987 3273 Das
2022 3220 2325 3302 Gegentheil
2359 3222 2429 3274 ist
2463 3225 2525 3272 in

372 3290 402 3341 3
436 3286 593 3340 Jahre
646 3304 738 3342 vor
793 3287 882 3341 der
929 3287 1241 3355 Zerstorung
1278 3288 1397 3341 Gar·
1492 3290 1732 3354 gradum
1789 3291 2018 3355 reverti,
2088 3291 2230 3343 seine
2288 3289 2522 3344 Position

371 3356 574 3422 thagos,
1500 3355 1983 3424 wiedergewinnen.

446 3427 522 3477 10.
577 3423 896 3475 decernendi
932 3453 972 3463 -
1010 3440 1172 3491 quam
1220 3425 1397 3477 decer-
1575 3429 1652 3480 17.
1686 3425 1842 3492 illud,
1878 3425 1971 3478 das
2006 3425 2263 3493 folgende.
2300 3456 2367 3466 —-
2403 3425 2524 3479 Man

371 3493 554 3558 tandi,
607 3491 722 3544 eine
758 3496 922 3544 etwas
959 3494 1206 3559 gesuchte
1242 3492 1398 3546 Paro·
1500 3493 1718 3546 beachte
1753 3494 1854 3547 den
1888 3493 2228 3548 Unterschied
2263 3494 2522 3548 zwischen

372 3561 615 3615 nomasie.
655 3560 939 3612 decernere
976 3561 1101 3613 wird
1136 3577 1241 3614 von
1279 3561 1396 3614 dem
1502 3564 1714 3614 animus
1746 3562 1853 3615 und
1885 3564 2183 3628 ingenium.

372 3629 639 3682 einzelnen
663 3627 881 3682 Senator
904 3633 1109 3696 gesagt,
1146 3629 1246 3681 wie
1268 3645 1397 3689 eon·
1570 3632 1652 3684 20.
1688 3647 1798 3683 non
1817 3635 2102 3698 putaram.-
2138 3630 2252 3685 Val.
2275 3629 2409 3685 Max.
2436 3630 2523 3683 VII

372 3698 648 3765 damnare,
695 3697 966 3749 absolvere
999 3713 1104 3750 von
1138 3697 1254 3751 dem
1291 3698 1397 3751 ein·
1501 3700 1563 3763 2,
1598 3700 1630 3750 2
1673 3699 1855 3765 Scipio
1889 3698 2190 3761 Africanus
2225 3705 2383 3767 turpe
2415 3717 2526 3751 esse

371 3766 554 3820 zelnen
589 3765 813 3820 Richter.
1501 3769 1693 3833 aiebat,
1726 3770 1788 3818 in
1820 3784 1881 3818 re
1914 3769 2149 3820 militari
2182 3769 2363 3820 dicere
2397 3770 2523 3820 ‘non

448 3836 522 3888 12.
560 3833 771 3887 Bellum
805 3840 1000 3890 autem.
1045 3833 1292 3887 Dasselbe
1325 3835 1396 3887 ist
1496 3837 1768 3901 putaram'
1793 3836 1898 3888 und
1922 3836 2202 3890 denselben
2224 3837 2522 3906 Ausspruch

371 3903 404 3972 ς
442 3905 508 4025 {3
544 3904 985 3971 ausgesprochen‚
1023 3903 1156 3956 doch
1192 3918 1232 3956 S.
1263 3902 1394 3956 Einl.
1498 3902 1618 4023 {333th-
1656 3902 1852 4026 Segeca
1904 3905 1968 3957 de
2013 3905 2087 3958 ira
2123 3904 2166 3958 11
2200 3910 2292 3973 at,
2329 3909 2363 3960 4
2406 3904 2524 3959 dem

371 3974 405 4039 §
512 4011 525 4025 .
1539 3987 1569 4024 a
1605 3986 1686 4024 ms
1756 3987 1802 4025 ei
