2813 4537
794 280 878 333 DE
916 279 1177 334 OFFIGIIS
1213 281 1331 336 ΠΒ.
1365 282 1405 335 1.
1477 280 1619 337 cAP.
1641 286 1728 339 37.
1760 286 1841 337 38.
2290 232 2438 342 107.
2497 337 2506 344 .

254 453 402 514 haec
430 462 741 515 revocetur
761 453 969 528 oratio,
1001 454 1104 515 sed
1135 463 1459 536 utcumque
1486 455 1767 517 aderunt:
1799 473 1995 535 neque
2024 455 2184 516 enim
2209 473 2418 518 omnes

257 537 442 599 isdem
466 537 540 600 de
560 537 742 599 rebus
768 556 881 599 nec
917 538 1082 601 omni
1100 550 1370 621 tempore
1393 559 1506 603 nec
1528 539 1799 602 similiter
1821 540 2203 603 delectamur.
2271 541 2417 603 Ani-

253 624 735 685 madvertendum
766 631 855 685 est
881 624 1056 686 etiam
1070 670 1086 699 ‚
1139 634 1438 707 quatenus
1477 644 1674 687 sermo
1704 626 2153 687 delectationem
2183 626 2413 702 habeat,

253 701 314 769 e't
343 716 410 770 ut
437 708 763 790 incipiendi
792 710 943 771 ratio
973 711 1173 786 fuerit,
1202 711 1282 773 ita
1311 711 1389 771 sit
1417 710 1725 773 desinendi
1753 713 2080 858 mrgfflised
2400 707 2458 774 ts

177 808 213 859 5
426 794 544 856 Sed
588 812 707 875 quo
749 795 926 856 modo
968 795 1030 856 in
1073 796 1238 857 omni
1281 797 1398 857 vita
1427 796 1752 858 rectissime
1786 816 1826 876 p
1897 796 2149 877 ectpitur
2175 804 2244 857 ut
2271 815 2410 877 per·
2438 797 2518 856 88
2567 817 2572 821 ·

253 878 623 941 turbationes
651 880 978 958 fugiamuS,
1009 881 1069 942 id
1099 890 1189 944 est
1216 882 1626 964 motuQanimi
1656 880 1873 943 nimios
1900 881 2120 942 rationi
2149 899 2273 942 non
2306 898 2416 962 op-
2430 890 2516 941 136

252 972 686 1046 temperantes,
735 966 821 1027 sic
851 966 978 1027 eius
1006 966 1168 1029 modi
1195 966 1455 1028 motibus
1495 985 1691 1028 sermo
1722 966 1897 1028 debet
1923 984 2162 1041 vacare,
2206 984 2282 1028 ne
2310 975 2413 1028 aut

252 1048 338 1110 ira
368 1050 576 1112 existat
602 1058 707 1112 aut
733 1051 1024 1131 cupiditas
1052 1050 1275 1132 aliqua3
1319 1060 1422 1114 aut
1462 1052 1698 1133 pigritia
1738 1061 1841 1113 aut
1882 1052 2110 1130 ignavia
2153 1061 2256 1114 aut
2296 1050 2411 1114 tale

252 1123 472 1216 aliquid
515 1146 827 1216 appareat,
870 1137 1242 1217 maximeque
1285 1138 1611 1199 curandum
1643 1144 1736 1198 est
1776 1145 1840 1198 ut
1877 1155 2012 1211 eoS,
2056 1136 2412 1235 quibuscum
2437 1168 2587 1216 „tw-2
2700 1207 2706 1212 ,

146 1234 209 1287 10
251 1237 589 1282 sermonem
619 1222 1015 1297 conferemus,
1044 1231 1105 1283 et
1130 1223 1321 1283 vereri
1352 1231 1411 1283 et
1438 1222 1683 1302 diligere
1716 1221 2032 1284 videamur.
2116 1198 2428 1301 Obiurffa'ss*

250 1305 447 1382 tiones
477 1305 657 1367 etiam
676 1325 809 1367 non
833 1324 1156 1386 numquam
1187 1291 1460 1374 incidtiiit
1481 1307 1867 1382 necessariae,
1898 1307 1961 1368 in
1993 1306 2211 1388 quibus
2233 1316 2412 1368 uten-

251 1390 393 1452 dum
436 1399 528 1452 est
571 1392 824 1453 fortasse
867 1400 926 1453 et
971 1392 1132 1454 vocis
1159 1393 1548 1455 contentione
1574 1392 1798 1454 maiore
1839 1400 1899 1453 et
1933 1393 2250 1454 verborum
2279 1410 2413 1471 gra-

138 1553 145 1562 *
248 1475 425 1538 vitate
468 1476 725 1553 acriore;
770 1477 830 1539 id
868 1477 1169 1557 'agendum
1211 1477 1385 1540 etiam
1402 1521 1419 1553 ,
1464 1486 1533 1540 ut
1572 1496 1639 1539 ea
1681 1478 1874 1541 facere
1917 1477 2217 1540 videamur
2259 1477 2411 1538 irati.

251 1560 463 1622 Sed-ut
501 1561 572 1623 ad
613 1562 908 1624 urendum
953 1573 1009 1625 et
1055 1564 1405 1639 secandum,
1452 1564 1537 1625 sic
1580 1563 1651 1625 ad
1696 1564 1813 1625 hoc
1857 1581 2048 1641 genus
2089 1562 2412 1641 castigandi

146 1658 208 1711 15
238 1664 384 1708 ‘raro
425 1646 711 1728 invitique
755 1648 1095 1724 veniemuS,
1139 1667 1252 1711 nec
1281 1667 1562 1730 umquam
1610 1648 1723 1710 nisi
1755 1648 2087 1710 necessario
2107 1693 2122 1722 ,
2165 1648 2215 1710 si
2249 1647 2411 1709 nulla

247 1731 578 1812 reperietur
619 1732 726 1795 alia
767 1733 1088 1796 medicina:
1131 1735 1235 1796 sed
1277 1743 1475 1796 tamen
1518 1733 1604 1795 ira
1633 1732 1845 1814 procul
1886 1732 2068 1803 absit,
2111 1751 2246 1794 cum
2294 1751 2410 1813 qua

251 1817 401 1878 nihil
429 1826 593 1879 recte
622 1818 771 1892 fleri,
804 1818 953 1881 nihil
983 1818 1354 1881 considerate
1383 1825 1602 1900 potest.
1653 1817 1923 1897 Magnam
1953 1826 2151 1880 autem
2180 1825 2408 1898 partem
2427 1828 2513 1880 137

249 1901 531 1963 clementi
554 1903 939 1982 castigatione
968 1905 1108 1967 licet
1136 1905 1245 1980 uti,
1291 1904 1572 1984 gravitate
1603 1912 1804 1966 tamen
1828 1902 2123 1977 adiuncta,
2155 1910 2222 1963 ut
2246 1920 2409 1963 seve-

249 1986 392 2068 ritas
420 1986 768 2050 adhibeatur
798 1997 858 2050 et
886 1989 1243 2052 contumelia
1285 1988 1624 2072 repellatur.
1683 1989 1877 2068 Atque
1916 1988 2089 2049 etiam
2131 1987 2279 2049 illud
2317 1987 2418 2068 ip-'

145 2084 206 2137 20
249 2090 378 2134 sum
400 2118 415 2146 ‚
447 2074 605 2153 quod
637 2073 973 2138 acerbitatis
1001 2075 1181 2136 habet
1210 2074 1565 2154 obiurgatio,
1597 2073 2049 2153 significandum
2082 2080 2190 2147 est,
2221 2072 2410 2154 ipsius

250 2158 309 2219 id
352 2176 526 2221 causa
545 2204 561 2234 ,
611 2159 712 2240 qui
758 2158 1137 2239 obiurgetur,
1191 2179 1319 2222 esse
1360 2170 1723 2242 susceptum.
1784 2157 2034 2223 Rectum
2080 2167 2168 2220 est
2212 2166 2408 2220 autem

325 2278 367 2327 l.
407 2275 503 2325 sed
516 2280 806 2341 utcumque
822 2277 926 2341 ad„
960 2278 1018 2342 je
1039 2277 1168 2329 nach
1187 2277 1278 2329 der
1380 2278 1517 2344 quid
1547 2281 1608 2328 in
1634 2280 1811 2328 causis
1845 2281 2029 2328 acrius
2062 2280 2115 2327 et
2138 2278 2411 2327 vehemen-

253 2342 776 2409 Eigenthiimlichkeit
794 2344 885 2396 der
900 2345 1275 2398 Anwesenden.
1382 2349 1488 2396 tius
1540 2347 1804 2398 dicimus?
1855 2373 1924 2383 —-
1984 2345 2245 2410 Aguntur
2305 2348 2410 2396 ista

320 2413 366 2463 2.
427 2411 621 2462 eisdem
660 2411 725 2462 de
747 2415 906 2463 rebus
940 2413 1093 2466 naml.
1121 2414 1281 2465 collo-
1372 2413 1659 2480 praeclare
1694 2442 1764 2478 —,
1809 2413 1902 2463 sed
1935 2418 2181 2478 aguntur
2217 2412 2412 2464 leniter

250 2479 461 2545 quenda
480 2478 606 2532 oder
624 2483 889 2545 oratione,
913 2496 1022 2533 was
1036 2496 1153 2533 man
1169 2480 1279 2534 sich
1379 2486 1434 2532 et
1467 2486 1643 2532 mente
1691 2481 2007 2546 tranquilla.
2078 2479 2198 2533 Seu.
2237 2480 2300 2533 de
2336 2481 2410 2532 ira
2513 2507 2522 2511 -

251 2562 344 2599 aus
379 2546 495 2600 dem
524 2546 741 2613 Subject
776 2549 866 2601 des
902 2549 1088 2602 vorher
1125 2550 1280 2602 ehen—
1377 2548 1422 2601 11
1462 2552 1522 2601 14
1559 2548 1868 2615 Numquam
1902 2551 2087 2614 itaque
2117 2548 2409 2600 iracundia

249 2614 349 2668 den
372 2613 553 2668 Satzes
577 2616 736 2669 leicht
757 2619 983 2684 ergfinzt.
1021 2619 1087 2669 de
1138 2621 1280 2669 ctari
1380 2618 1712 2669 admittenda
1757 2622 1858 2682 est,
1908 2616 2202 2682 aliquando
2246 2619 2410 2668 simu-

251 2683 414 2736 selbst
441 2682 580 2736 kann
612 2684 755 2737 nicht
771 2687 865 2738 mit
896 2685 1276 2738 deverbunden
1384 2686 1567 2751 landa,
1595 2688 1645 2735 si
1664 2699 1852 2750 segnes
1876 2684 2214 2735 audientium
2240 2687 2412 2735 animi

249 2750 472 2804 werden.
1382 2753 1694 2805 concitandi
1723 2758 1863 2806 sunt.

320 2820 664 2872 delectamur.
700 2820 947 2874 Dasselbe
975 2821 1278 2888 allgemeine
1453 2824 1532 2874 17.
1567 2836 1824 2887 magnam
1897 2825 2082 2886 artem,
2120 2820 2228 2873 hier
2262 2845 2332 2867 ==
2356 2820 2409 2872 in

252 2885 469 2953 Subject
521 2888 651 2941 wird
704 2889 863 2942 durch
909 2890 1277 2943 verschiedene
1380 2888 1479 2941 den
1515 2890 1733 2942 meisten
1770 2889 1859 2941 Fiil
1882 2904 1962 2941 en.
2030 2887 2275 2942 Tusc.1V
2305 2894 2352 2954 5,
2376 2891 2409 2943 9

249 2955 466 3009 Formen
491 2956 820 3019 bezeichnet;
857 2959 993 3012 oben
1028 2959 1280 3024 aderunt,
1382 2959 1715 3026 Chrysippus
1760 2963 1814 3008 et
1857 2958 2034 3010 Stoici
2078 2986 2118 2995 -
2155 2973 2410 3023 magnam

248 3023 361 3076 hier
382 3024 741 3090 delectamur;
768 3026 875 3094 vgl.
893 3026 1059 3093 11550
1080 3028 1142 3079 id
1157 3043 1278 3080 cum
1375 3032 1589 3093 partem
1641 3030 1703 3078 in
1751 3028 1835 3077 his
1872 3027 2179 3093 partiendis
2224 3032 2279 3077 et
2323 3027 2412 3077 de-

241 3093 615 3158 periculosum
660 3098 768 3161 ipsi
815 3090 913 3161 est,
971 3101 1082 3147 tum
1116 3099 1279 3147 stiam
1377 3095 1638 3158 finiendis
1653 3098 1906 3163 occupati
1920 3100 2062 3147 sunt.
2086 3093 2179 3147 Die
2196 3094 2408 3147 Hdschr.

247 3161 525 3212 sordidum
573 3191 616 3200 -
653 3166 981 3215 committere
1014 3169 1079 3215 ut
1124 3180 1280 3216 accu-
1379 3163 1551 3216 haben
1572 3178 1776 3229 magna
1796 3167 1975 3230 parte,
2006 3163 2139 3215 doch
2164 3161 2292 3215 wird
2319 3161 2412 3214 der

246 3234 397 3281 sator
428 3233 721 3281 nominer-e.
1381 3230 1555 3285 Ablat.
1606 3231 1748 3283 nicht
1794 3230 2074 3283 adverbiell
2110 3230 2407 3297 gebraucht.

172 3316 178 3321 ·
319 3300 367 3350 6.
420 3297 480 3347 id
513 3302 593 3348 est
622 3304 799 3349 motus
833 3316 921 3352 an.
961 3305 1057 3352 cet.
1129 3297 1278 3367 Diog.
1381 3299 1559 3351 Etwas
1595 3299 1826 3351 Anderes
1861 3299 1930 3351 ist
1964 3313 2050 3364 οε,
2098 3314 2184 3352 wo
2232 3314 2287 3351 er
2332 3299 2408 3351 als

247 3363 336 3417 vll
381 3366 471 3416 110
524 3366 643 3416 ἐστὶ
690 3361 775 3417 δὲ’
803 3361 936 3418 αὐτὸ
983 3364 1048 3420 τὸ
1097 3364 1283 3421 πάθος
1380 3366 1428 3418 Α
1466 3367 1694 3435 position
1730 3366 2129 3434 angeschlossen
2163 3367 2248 3420 ist.
2300 3367 2406 3420 Liv.

248 3429 390 3485 κατὰ
427 3425 667 3485 Ζίνωνα
700 3427 734 3498 ἦ
770 3428 957 3505 ἄλογος
1004 3439 1095 3486 καὶ
1131 3453 1210 3488 πα
1263 3433 1277 3451 “
1379 3384 1556 3502 ufm,
1583 3438 1614 3488 2
1650 3451 1684 3487 a
1716 3439 2047 3487 semisomnis
2081 3440 2133 3488 et
2166 3439 2409 3488 maoeima

248 3496 419 3584 φῦᾳιν
452 3501 624 3570 ψυχῆς
669 3505 880 3566 κίνησις
913 3499 947 3568 ἢ
982 3497 1120 3574 ὁρμὴ
1155 3521 1200 3556 π
1231 3521 1279 3555 e·
1375 3509 1539 3571 parte
1570 3506 1884 3557 inermibus.

247 3570 534 3633 οναζουσα.
1455 3576 1532 3626 19.
1573 3574 1893 3625 contumelia
1928 3573 2250 3641 repellatur,
2286 3570 2335 3624 d.
2371 3572 2405 3625 i.

321 3641 398 3691 10.
439 3638 667 3705 diligere
691 3638 1001 3690 videamur.-
1035 3639 1163 3692 fiber
1198 3644 1276 3691 vi·
1379 3643 1718 3693 abstineatur
1760 3659 1795 3694 a
1839 3641 2190 3706 conturnelia,
2237 3654 2411 3692 remo-

248 3707 372 3757 dem'
404 3721 445 3758 s,
483 3721 526 3759 z.
567 3707 734 3774 5120.
1376 3715 1568 3761 ceatur
1602 3715 1771 3777 cont„
1826 3711 1928 3763 wie
1980 3714 2140 3762 unten
2188 3712 2408 3760 iracun-

321 3776 400 3826 13.
434 3772 616 3836 facere
639 3776 921 3829 videamur
944 3780 1097 3828 irati.
1120 3774 1273 3830 Tusc.
1379 3777 1524 3829 diam
1575 3779 1774 3845 pellere
1826 3782 2010 3846 gesagt
2060 3778 2144 3830 ist.
2239 3774 2408 3830 Ueber

245 3841 315 3895 IV
337 3844 420 3907 25,
440 3844 504 3894 55
537 3848 806 3896 oratorem
833 3862 959 3897 vero
981 3848 1150 3897 irasci
1176 3848 1276 3896 mi·
1378 3847 1703 3898 contumelia
1738 3847 1841 3914 vgl.
1880 3845 1913 3913 ξ
1950 3850 2031 3900 88.

245 3913 394 3962 nime
428 3909 597 3977 decet,
632 3915 888 3965 simulare
910 3930 1020 3966 non
1045 3915 1273 3966 dedecet.
1447 3917 1531 3967 21.
1557 3915 1620 3965 id
1641 3914 1947 3967 wiederholt
1965 3913 2065 3966 den
2084 3913 2284 3981 Begriff
2302 3929 2407 3966 von

246 3981 333 4032 An
373 3979 473 4031 tibi
504 3982 671 4034 irasci
706 3986 817 4034 tum
853 3984 1109 4049 videmur,
1154 3997 1274 4035 cum
1375 3983 1439 4034 id
1469 3985 1644 4050 ipsum
1690 3998 1777 4036 um
1826 3983 1926 4036 den
1960 3982 2248 4050 Gegensatz
2293 3981 2408 4033 her-
