2813 4537
836 296 921 350 DE
958 294 1218 351 OFFICIIS
1255 296 1373 351 LIB.
1395 297 1451 352 11.
1512 296 1654 353 GAP.
1676 300 1723 353 3.
1760 302 1809 352 4.
2295 298 2416 360 129

262 486 418 543 rum,
463 469 682 551 quibus
710 470 1165 546 abundaremuS,
1210 472 1540 551 exportatio
1588 479 1645 533 et
1690 489 1910 548 earum,
1956 471 2173 553 quibus
2215 492 2417 554 egere·
2462 485 2519 536 13

264 572 416 629 muS,
446 556 702 617 invectio
732 563 890 618 certe
921 556 1080 618 nulla
1114 566 1286 629 esset,
1329 556 1443 617 nisi
1474 557 1569 618 his
1599 556 1944 619 muneribus
1973 558 2247 620 homines
2276 559 2413 622 fun-

263 650 563 720 gerentur.
652 641 990 722 Eademque
1035 642 1267 703 ratione
1312 660 1425 702 nec
1464 640 1688 723 lapides
1717 661 1786 703 ex
1817 651 1972 705 terra
2004 644 2416 708 exciderentur

262 724 333 785 ad
363 744 538 787 usum
573 736 838 789 nostrum
874 725 1210 802 necessarii,
1241 731 1375 788 ‘nec
1396 727 1639 803 ferrum,
1670 745 1789 803 aeS,
1820 747 2051 803 aurum,
2083 729 2413 809 argentum’

152 889 156 894 ὓ
189 817 219 867 5
264 810 618 874 effoderetur
675 813 914 893 penitus
967 813 1231 875 abditum
1292 812 1421 873 sine
1476 813 1784 874 hominum
1841 812 2043 875 labore
2099 823 2159 875 et
2212 833 2411 877 manu.

260 894 438 957 Tecta
467 915 626 971 vero,
674 897 890 978 quibus
926 907 984 958 et
1011 898 1299 977 frigorum
1328 897 1415 958 vis
1445 897 1767 978 pelleretur
1810 906 1867 959 et
1911 898 2174 960 calorum
2218 900 2407 962 mole·
2443 904 2498 961 4Η

261 981 404 1043 stiae
445 983 812 1058 sedarentur,
857 983 1017 1044 unde
1059 992 1160 1045 aut
1195 982 1365 1044 initio
1396 983 1601 1062 generi
1632 983 1891 1045 humano
1923 983 2046 1045 dari
2078 984 2410 1065 potuissent.

260 1077 359 1127 aut
389 1075 594 1148 postea
624 1067 946 1141 subveniri,
992 1068 1043 1130 si
1085 1079 1186 1130 aut
1227 1069 1283 1128 vi
1329 1068 1691 1150 tempestatis
1734 1079 1834 1130 aut
1877 1077 2072 1130 terrae
2114 1077 2281 1131 motu
2311 1079 2413 1132 aut

258 1160 545 1214 vetustate
590 1153 959 1227 cecidissent,
1007 1153 1120 1215 nisi
1164 1154 1499 1215 communis
1540 1154 1655 1215 vita
1699 1151 1771 1214 ab
1815 1154 2412 1216 hominibusharum

160 1242 220 1293 10
258 1253 455 1298 rerum
488 1237 700 1299 auxilia
732 1246 937 1320 petere
965 1236 1308 1301 didicisset?
1374 1239 1536 1300 Adde
1581 1239 1796 1300 ductus
1836 1256 2142 1320 aquarum,
2188 1240 2411 1302 deriva-
2457 1249 2515 1300 14

259 1322 455 1384 tiones
480 1322 817 1399 fluminum,
847 1342 1125 1403 agrorum
1145 1324 1548 1404 inrigationes,
1578 1322 1766 1385 moles
1789 1324 2092 1405 oppositas
2113 1324 2411 1401 fluctibus,

260 1418 468 1489 portus
488 1427 670 1472 manu
695 1410 910 1470 factos:
933 1429 1084 1491 quae
1101 1410 1260 1472 unde
1276 1410 1404 1471 sine
1428 1409 1738 1470 hominum
1763 1427 1942 1490 opera
1965 1410 2181 1472 habere
2204 1428 2411 1491 posse·

259 1491 436 1554 mus?
477 1493 563 1555 Ex
589 1494 806 1575 quibus
825 1495 1149 1576 multisque
1172 1495 1303 1557 aliis
1323 1495 1703 1576 perspicuum
1727 1503 1834 1569 est,
1852 1495 1954 1575 qui
1978 1495 2206 1557 fructus
2229 1515 2411 1576 quae-

262 1596 378 1658 que
409 1578 692 1642 utilitates
721 1599 791 1642 ex
817 1580 999 1642 rebus
1027 1581 1118 1654 iis,
1151 1600 1301 1661 quae
1330 1580 1450 1642 sint
1478 1579 1795 1655 inanimae,
1838 1580 2266 1661 percipiantur,
2312 1600 2411 1643 eas
2504 1589 2516 1599 '

158 1661 216 1716 15
259 1682 374 1725 nos
396 1664 562 1727 nullo
593 1665 771 1726 modo
802 1667 932 1727 sine
961 1666 1270 1727 hominum
1291 1683 1471 1727 manu
1492 1674 1669 1745 atque
1692 1683 1870 1746 opera
1894 1683 2104 1746 capere
2124 1666 2407 1746 potuisse.

260 1747 371 1820 Qui
404 1750 660 1831 denique
691 1769 763 1812 ex
792 1750 996 1812 bestiis
1027 1750 1256 1812 fructus
1283 1761 1385 1811 aut
1420 1768 1570 1831 quae
1612 1749 2017 1824 commoditaS,
2061 1750 2174 1811 nisi
2219 1749 2410 1811 homi-

259 1853 367 1896 nes
392 1836 755 1911 adiuvarent,
785 1835 1011 1917 percipi
1042 1833 1290 1917 posset?
1341 1835 1489 1897 Nam
1522 1845 1578 1896 et
1607 1835 1710 1915 qui
1741 1834 2043 1915 principes
2070 1834 2411 1896 inveniendi

259 1919 521 1994 fuerunt,
566 1930 740 2002 quem
774 1941 845 1984 ex
875 1937 1108 2002 quaque
1145 1920 1318 1983 belua
1362 1938 1539 1982 usum
1581 1919 1799 1982 habere
1842 1937 2172 2000 possemuS,
2217 1915 2410 1981 homi·
2487 1993 2492 2000 ,

258 2023 368 2066 nes
397 2017 556 2068 certe
584 2007 846 2084 fuerunt,
883 2025 993 2068 nec
1023 2008 1138 2068 hoc
1168 2014 1436 2087 tempore
1466 2005 1595 2067 sine
1623 2005 1936 2067 hominum
1967 2023 2146 2087 opera
2176 2014 2275 2067 aut
2306 2024 2410 2087 pa-

157 2090 219 2141 20
259 2108 424 2153 scere
455 2111 552 2154 eas
582 2100 683 2154 aut
712 2094 970 2167 domare,
999 2102 1097 2154 aut
1129 2092 1282 2155 tueri
1310 2101 1413 2154 aut
1441 2091 1819 2173 tempestivos
1846 2091 2075 2152 fructus
2105 2109 2178 2151 ex
2209 2091 2280 2152 iis
2310 2109 2407 2152 ca·

326 2280 376 2331 4.
412 2294 510 2329 nec
542 2277 770 2344 fem-um,
805 2294 909 2343 aes,
944 2293 1160 2343 aurum,
1196 2293 1284 2328 ar·
1455 2278 1503 2329 9.
1542 2279 1839 2328 communis
1872 2281 1985 2327 vila
2007 2301 2072 2321 ==
2095 2279 2237 2327 vitae
2272 2291 2411 2327 com-

253 2349 480 2410 gentum
506 2372 546 2382 -
574 2351 626 2396 et
659 2361 841 2397 manu.
910 2346 1013 2399 cic.
1049 2346 1140 2398 hat
1174 2345 1286 2398 hier

259 2413 391 2465 zwei
430 2411 681 2465 Trimeter
728 2413 869 2465 eines
904 2412 1180 2481 Tragikers
1230 2414 1284 2465 in

260 2479 639 2548 Wortstellung
694 2480 800 2534 und
858 2480 1130 2534 Ausdruck
1201 2481 1283 2533 ein

260 2550 433 2617 wenig
462 2549 821 2617 umgeandert,
858 2548 1284 2601 wahrscheinlich

259 2632 352 2669 aus
377 2616 493 2670 dem
513 2617 850 2670 Prometheus
872 2616 964 2669 des
982 2615 1172 2681 Attius,
1197 2616 1288 2668 der

257 2684 420 2737 hiet-'in
440 2686 626 2740 Aesch.
648 2685 819 2739 Prom.
835 2687 934 2738 502
955 2683 1282 2736 nachahmte:

257 2753 457 2823 ἔνερθε
493 2749 555 2805 δὲ
587 2750 792 2818 χθονὸς
825 2748 1151 2822 κεκρυμμέν’
1192 2747 1287 2803 ἄν·

257 2820 308 2872 θ’
344 2819 582 2873 ώποισιν
643 2815 1001 2892 ὠφελήματα,
1066 2815 1285 2885 χαλκὸν,

260 2893 319 2940 σι’
353 2907 511 2959 ηρον,
563 2886 828 2961 ἄργυρον,
874 2885 1074 2960 χρυσόν
1107 2905 1168 2939 τε
1203 2892 1286 2939 τίς

258 2955 497 3026 φήσαιεν
563 2952 635 3009 ἂν
705 2956 982 3028 πάροιθεν
1050 2955 1285 3027 ἐξευρεῖν

254 3021 413 3092 εμοῦς
433 3053 503 3063 -
519 3024 638 3092 Vgl.
658 3025 722 3077 de
742 3033 845 3078 nat.
865 3025 1001 3079 deor.
1019 3024 1060 3076 ll
1081 3028 1163 3090 60,
1190 3027 1281 3078 151

257 3098 417 3158 aeris,
453 3097 687 3160 argenti,
724 3097 851 3144 auri
877 3109 1039 3144 venas
1065 3097 1285 3160 penitus

258 3162 486 3215 abditas.

327 3232 376 3283 8.
444 3233 720 3282 subveniri
760 3254 829 3275 =
871 3232 1104 3284 restitui.
1174 3228 1282 3282 Aus

258 3297 375 3350 dem
410 3297 864 3364 vorhergehenden
904 3303 1042 3348 tecta
1080 3325 1123 3335 -·
1160 3297 1286 3351 dari

248 3368 558 3434 potuissent
596 3380 738 3418 muss
775 3381 890 3417 man
928 3365 1037 3417 sich
1083 3370 1158 3415 eis
1183 3381 1284 3432 po-

257 3438 445 3486 tuisset
462 3436 738 3501 erganzem
760 3448 802 3487 S.
818 3449 862 3487 z.
881 3433 902 3484 1
923 3432 1026 3499 §91
1046 3433 1283 3487 adulari.

254 3505 553 3569 subvenire,
591 3517 702 3554 was
738 3501 822 3554 die
850 3501 1061 3555 Hdschr.
1099 3501 1284 3567 haben,

258 3571 435 3623 wtirde
471 3572 553 3624 die
575 3569 955 3636 schwerfflllige
977 3570 1284 3635 Ergiinzung

259 3639 440 3706 nothig
465 3640 678 3692 macheu
707 3640 947 3690 homines
1008 3641 1284 3703 emissent,

256 3705 343 3757 die
396 3707 537 3760 nicht
591 3707 779 3760 einmal
832 3723 895 3758 zu
989 3722 1070 3758 em
1125 3704 1283 3758 Sinne

256 3773 404 3825 recht
437 3781 641 3841 passte,
694 3776 828 3828 deun
877 3773 996 3827 dass
1046 3774 1141 3826 wir
1184 3774 1283 3827 den

254 3839 535 3895 Menschen
605 3844 687 3895 die
755 3842 1101 3910 Wohnungen
1170 3857 1284 3893 ver-

255 3908 486 3974 danken,
540 3911 650 3963 will
687 3911 790 3965 Cic.
845 3917 949 3964 erst
1001 3911 1283 3964 beweisen.

250 3991 298 4031 s,
334 3980 366 4043 ξ
406 3981 468 4032 15
509 3979 613 4044 Qui
644 3981 1036 4033 subveniretur.

358 4071 450 4114 Cic.
476 4071 531 4113 de
562 4070 742 4115 officiis.
795 4076 834 4115 5.
859 4073 970 4115 Auss.

1383 2348 1644 2410 munitas,
1680 2345 1772 2397 das
1806 2344 2281 2397 Zusammenleben.

1448 2414 1527 2465 12.
1546 2428 1709 2479 opera
1720 2432 1737 2461 .·
1758 2428 1906 2478 opu-r,
1920 2412 2011 2464 das
2024 2410 2207 2473 Werk3
2231 2428 2410 2479 opera,

1387 2479 1470 2531 die
1495 2479 1819 2545 Thatigkeit,
1855 2480 2167 2531 namentlich
2204 2479 2286 2532 die
2322 2480 2411 2532 be-

1387 2554 1585 2599 wusste
1632 2546 1932 2614 Thfitigkeit
1978 2547 2070 2600 des
2115 2546 2412 2613 Menschen,

1388 2615 1634 2667 wahrend
1670 2631 1699 2666 o
1741 2632 1804 2666 us
1837 2615 1889 2667 in
1925 2614 2233 2667 abstractem
2255 2613 2412 2667 Sinne
2507 2656 2510 2659 ,

1388 2683 1532 2734 mehr
1578 2683 1661 2735 die
1754 2681 2007 2748 hatigkeit
2060 2682 2151 2734 des
2200 2681 2412 2735 Thieres

1386 2750 1706 2817 bezeichnet,
1744 2766 1783 2805 s.
1823 2752 1854 2812 ξ
1879 2753 1966 2812 11;
2010 2750 2143 2803 doch
2180 2752 2319 2803 steht
2355 2766 2413 2803 es

1387 2818 1519 2871 auch
1554 2835 1614 2872 so
1649 2835 1753 2871 von
1783 2817 2062 2872 Menschen
2100 2819 2200 2870 wie
2233 2819 2288 2870 in
2324 2819 2413 2871 der

1386 2887 1590 2939 Formel
1623 2903 1820 2954 magno
1858 2903 2039 2954 opere,
2074 2887 2178 2955 vgl.
2216 2887 2279 2939 de
2305 2894 2408 2942 nat.

1387 2955 1527 3010 deor.
1552 2955 1592 3007 11
1616 2959 1699 3022 60,
1725 2960 1814 3009 151
1846 2958 2094 3022 operibus
2117 2957 2410 3021 homin-um,

1385 3023 1449 3074 id
1496 3030 1601 3090 est,
1652 3027 1913 3076 manibus.
2001 3024 2121 3076 Hier
2170 3023 2411 3076 indessen

1386 3092 1594 3158 nothigt
1642 3092 1732 3144 das
1777 3091 2114 3144 wiederholte
2157 3096 2275 3143 sine
2318 3093 2412 3143 Ιιο-

1384 3163 1591 3211 minum
1628 3176 1790 3227 opera
1815 3161 1867 3225 (ξ
1898 3162 1976 3213 12.
2008 3162 2089 3223 14)
2123 3174 2293 3225 gegen
2328 3158 2411 3211 die

1386 3228 1598 3282 Hdschr.
1636 3244 1802 3295 opera
1838 3243 1900 3279 zu
1938 3227 2220 3279 schreiben.

1460 3300 1538 3349 15.
1572 3298 1836 3363 pohcisse:
1871 3295 1924 3347 in
1959 3294 2049 3347 der
2084 3294 2249 3347 oratio
2271 3298 2411 3347 recta

1386 3364 1565 3416 wiirde
1581 3367 1937 3431 potuissemus
1954 3362 2077 3415 oder
2090 3363 2203 3416 dem
2219 3363 2412 3430 gleich-

1385 3432 1679 3485 bedeutend
1691 3437 2002 3500 poteramus
2020 3431 2199 3484 stehen
2214 3472 2227 3498 ,
2259 3447 2301 3485 s,
2323 3448 2365 3482 z.
2391 3431 2412 3483 Ι

1386 3499 1420 3567 ξ
1444 3504 1476 3553 4
1512 3501 1932 3565 Demosthenem,
1954 3504 2003 3550 si
2027 3500 2125 3551 illa
2149 3530 2189 3538 -
2213 3502 2411 3551 tenuis-

1383 3573 1465 3619 set
1484 3574 1537 3620 et
1552 3571 1915 3636 pronuntiare
1933 3569 2201 3634 voluisset,
2221 3573 2412 3619 ornate

1383 3637 1760 3704 splendideque
1782 3636 1965 3698 facere
1984 3640 2238 3703 potuisse.
2292 3635 2410 3687 Hier

1384 3704 1513 3772 liegt
1568 3704 1657 3758 der
1704 3704 2055 3772 condicionale
2101 3703 2408 3756 Vordersatz

1338 3782 1341 3787 “
1384 3772 1438 3825 in
1472 3777 1588 3825 sine
1623 3776 1898 3826 hominum
1931 3789 2114 3824 manu.

1385 3845 1556 3962 &2¹ch
1603 3910 1863 3967 Effinder..
1931 3909 2062 3963 Phil.
2111 3907 2199 3961 vu
2246 3911 2305 3974 8,
2342 3911 2408 3961 23

1380 3981 1656 4046 principes
1682 3982 1951 4047 pecuniae
1980 3978 2330 4045 pollicendae.

1970 4067 2001 4118 9

1600 3846 1875 3910 principes
1921 3841 2260 3907 inveniendi,
2325 3838 2410 3892 die
