2813 4537
848 296 960 366 ‚DE
997 295 1256 352 ormcns
1292 297 1411 353 ue.
1441 297 1498 352 11.
1569 298 1711 353 cAP.
1742 301 1792 353 e.
2310 296 2431 358 133

281 470 464 550 igitur
492 469 620 552 ipsa
649 470 885 532 fortuna
917 478 1146 533 ceteros
1172 489 1345 535 casus
1373 472 1631 534 rariores
1656 470 1852 546 habet,
1894 469 2153 552 primum
2191 469 2265 533 ab
2307 471 2432 534 ina-

283 555 461 618 nimis
489 554 779 637 procellas
808 563 1184 636 tempestates
1215 557 1537 637 naufragia,
1578 557 1785 620 ruinas
1822 555 2116 631 incendia,
2157 555 2371 618 deinde
2399 574 2431 617 a

281 640 489 703 bestiis
513 640 690 714 ictus,
731 658 985 716 morsus,
1027 641 1305 722 impetus.
1380 642 1541 704 Haec
1573 661 1736 722 ergo,
1780 652 1847 703 ut
1874 640 2012 716 dixi,
2057 641 2299 703 rariora.
2357 642 2434 704 At
2477 652 2534 707 2ο

281 744 424 788 vero
461 724 736 788 interitus
783 726 1168 800 exercituum,
1212 737 1281 790 ut
1316 727 1582 808 proxime
1626 727 1828 802 trium,
1870 744 2047 807 saepe
2090 727 2435 802 multorum,

223 827 255 878 5
284 812 481 874 clades
505 811 949 892 imperatorum,
995 820 1063 873 ut
1091 831 1285 893 nuper
1313 812 1530 876 summi
1560 821 1619 874 et
1651 811 1969 891 singularis
2010 812 2140 887 viri,
2184 812 2436 874 invidiae

282 905 589 978 praeterea
617 896 1014 958 multitudinis
1042 906 1219 978 atque
1249 897 1326 959 ob
1357 917 1458 961 eas
1477 898 1632 960 hene
1653 896 2000 961 meritorum
2020 915 2196 979 saepe
2220 896 2436 959 civium

284 981 682 1064 expulsiones,
713 981 1091 1058 calamitates,
1123 983 1314 1062 fugae,
1344 1001 1670 1063 rursusque
1692 982 1986 1045 secundae
2005 1000 2123 1058 res,
2152 982 2432 1058 honores,

282 1066 548 1148 imperia,
576 1065 873 1141 victoriae,
904 1085 1260 1148 quamquam
1291 1069 1530 1132 fortuita
1560 1076 1720 1143 sunt,
1750 1077 1946 1129 tamen
1975 1066 2104 1130 sine
2124 1066 2434 1129 hominum

285 1152 500 1233 opibus
530 1159 588 1213 et
616 1151 828 1213 studiis
857 1161 1128 1215 neutram
1165 1153 1227 1214 in
1269 1163 1496 1236 partem
1540 1153 1693 1215 effici
1737 1161 2007 1234 possunt.
2081 1152 2213 1214 Hoc
2254 1152 2435 1232 igitur

179 1251 240 1303 10
284 1236 526 1317 cognito
555 1236 871 1302 dicendum
901 1247 1013 1313 est,
1055 1256 1314 1318 quonam
1344 1240 1523 1301 modo
1553 1238 1861 1300 hominum
1891 1237 2085 1300 studia
2113 1236 2199 1300 ad.
2217 1237 2435 1299 utilita-

284 1331 376 1384 tes
406 1333 639 1385 nostras
665 1320 902 1384 allicere
930 1332 1108 1404 atque
1139 1325 1391 1388 excitare
1422 1322 1737 1406 possimus.
1782 1322 1943 1395 Quae
1974 1322 2025 1383 si
2045 1321 2285 1402 longior
2306 1322 2435 1384 fue-

281 1408 362 1470 rit
407 1406 620 1482 oratio,
664 1424 799 1470 cum
844 1408 1256 1488 magnitudine
1299 1409 1569 1472 utilitatis
1612 1416 2020 1491 comparetur:
2066 1407 2144 1470 ita
2188 1407 2437 1470 fortasse

284 1492 458 1555 etiam
490 1490 723 1554 brevior
752 1493 1060 1556 videbitur.
1186 1541 1219 1560 -.

457 1577 878 1658 Quaecumque
906 1578 1090 1658 igitur
1118 1579 1392 1640 homines
1418 1577 1649 1640 homini
1670 1576 1941 1640 tribuunt
1962 1578 2034 1639 ad
2058 1595 2195 1639 eum
2216 1594 2438 1656 augen-
2482 1585 2541 1639 21

182 1676 242 1728 15
285 1664 426 1725 dum
468 1672 647 1743 atque
689 1664 1145 1737 honestandum,
1190 1671 1291 1725 aut
1331 1661 1922 1725 benevolentiae
1965 1663 2149 1742 gratia
2192 1662 2437 1738 faciunt,

285 1766 423 1810 cum
452 1748 647 1829 aliqua
677 1747 751 1808 de
781 1766 955 1810 causa
986 1748 1323 1829 quempiam
1353 1747 1629 1827 diligunt,
1658 1755 1760 1809 aut
1788 1748 2144 1821 honoris,
2189 1746 2239 1808 si
2269 1746 2440 1808 cuius

281 1833 564 1896 virtutem
592 1831 925 1912 suspiciunt
957 1851 1254 1914 quemque
1291 1833 1536 1913 dignum
1583 1832 1822 1894 fortuna
1853 1849 2041 1912 quam
2084 1829 2442 1912 amplissima

283 1927 517 2000 putant,
546 1925 650 1982 aut
682 1916 777 1979 cui
810 1917 836 1978 t*
846 1918 1035 1980 idem
1065 1918 1286 1981 habent
1315 1928 1374 1980 et
1402 1916 1557 1980 bene
1586 1917 1765 1980 rebus
1795 1917 1921 1979 suis
1950 1915 2262 1979 consulere
2283 1916 2440 1978 arbi-

285 2011 538 2078 trantur,
568 2012 674 2065 aut
704 2001 875 2066 cuius
904 2022 1049 2086 opes
1077 2021 1136 2065 m
1154 2012 1462 2078 etuunt,
1507 2011 1609 2066 aut
1639 2010 1865 2078 contra,
1910 2020 1943 2063 a
1974 2001 2190 2083 quibus
2218 1999 2442 2082 aliquid

183 2101 258 2152 20-
287 2106 319 2150 e
336 2108 370 2150 x
387 2108 468 2170 sp
489 2107 521 2150 ε
536 2096 607 2150 ct
622 2106 656 2148 a
673 2106 711 2148 n
725 2096 747 2149 t
762 2133 779 2165 ,
812 2097 877 2152 ut
907 2108 1041 2151 cum
1066 2108 1237 2169 reges
1259 2088 1649 2172 popularesve
1672 2086 1946 2150 homines
1967 2087 2311 2167 largitiones
2333 2086 2441 2148 ali-

286 2271 464 2341 haufig
496 2278 610 2340 ipse
644 2273 760 2338 ille,
810 2271 857 2326 d.
895 2273 928 2326 i.
967 2277 1080 2341 ipse
1106 2292 1210 2342 per
1242 2292 1313 2342 se,
1486 2279 1734 2325 neutram
1770 2276 1831 2324 in
1857 2277 2091 2339 partem.
2148 2270 2200 2323 S.
2226 2271 2361 2324 oben
2384 2274 2445 2322 in

286 2358 386 2393 ma
419 2347 633 2408 sponte,
687 2340 799 2393 also
836 2341 946 2393 hier
997 2345 1112 2393 eine
1147 2345 1313 2395 homi·-
1417 2346 1705 2408 utramque
1746 2345 1992 2410 partem,
2054 2339 2141 2391 vel
2186 2339 2446 2392 secundas

287 2425 418 2461 mom
466 2411 655 2476 opibus
702 2413 753 2459 et
794 2409 1005 2461 studiis.
1074 2412 1168 2462 ille
1201 2414 1315 2477 ipse
1420 2409 1493 2462 ad
1525 2426 1612 2460 res
1647 2408 1729 2459 vel
1771 2408 2037 2461 adversas.

289 2477 523 2545 dagegen
569 2477 659 2529 hat
705 2475 858 2529 meist
894 2476 994 2529 den
1031 2476 1156 2530 Sinn
1210 2494 1315 2531 von
1480 2481 1560 2530 17.
1580 2492 1733 2543 quem
1810 2476 2078 2542 edignum
2092 2480 2307 2554 putant.
2331 2475 2447 2528 Von

286 2544 754 2666 hu*
778 2573 857 2664 n·
895 2546 1080 2655 Μ
1117 2545 1164 2599 ⁴¹·
1258 2561 1315 2598 0⁵
1421 2492 2177 2665 iaetificesawx
2196 2543 2320 2663 ⁶122}
2328 2558 2449 2663 εις

356 2629 425 2735 4.8
494 2683 710 2734 roa-ime
745 2683 944 2732 aium.-
981 2679 1065 2732 bei
1102 2678 1317 2733 Pharsa-
1420 2679 1625 2732 Relativ
1660 2679 1787 2732 fiber
1824 2693 2079 2746 egangcn,
2112 2693 2182 2746 vg
2204 2718 2217 2731 .
2253 2678 2274 2730 1
2311 2677 2447 2746 316,

287 2750 388 2814 luS,
406 2748 448 2801 T
488 2764 660 2816 apsns‚
679 2747 884 2801 Munda.
903 2751 1162 2815 proxime
1176 2748 1317 2802 steht
1419 2748 1590 2801 undin
1606 2747 1765 2815 Fulge
1813 2761 1964 2800 essen
1983 2745 2115 2800 auch
2127 2746 2217 2799 der
2231 2747 2447 2801 nichste

286 2817 498 2871 zeitlich
531 2816 615 2868 fiir
647 2831 836 2882 nuper.
1419 2814 1720 2884 Haupttheil
1766 2820 1863 2868 aut
1898 2819 1988 2866 eui
2031 2815 2125 2878 fid.
2162 2817 2306 2882 hab„
2360 2814 2450 2868 der

355 2902 514 2952 saepe
534 2883 847 2948 multorum,
871 2882 919 2936 d.
945 2882 980 2937 i.
1005 2884 1318 2950 multorum,
1421 2883 1556 2937 doch
1579 2884 1695 2938 dem
1719 2889 1818 2936 aut
1839 2882 2236 2936 benevolentiae
2255 2887 2450 2950 gratia

290 2969 520 3021 quorum
554 2953 696 3005 alius
730 2952 839 3005 alio
878 2957 1115 3018 tempore
1151 2954 1318 3004 inter·-
1418 2950 1639 3014 faciunt
1656 2951 1957 3032 entspricht,
1978 2950 2275 3005 relativisch
2293 2967 2449 3020 ange-

287 3026 373 3089 iit,
410 3022 492 3075 ein
529 3020 648 3074 sehr
682 3019 915 3088 hfiufiger
948 3019 1316 3083 Pleonasmus;
1422 3020 1719 3082 schlossen;
1771 3037 1824 3073 m
1873 3020 1989 3073 dem
2031 3018 2226 3073 letzten
2270 3019 2449 3073 Gliede

288 3090 310 3143 1
344 3094 376 3156 ἐ
412 3094 494 3144 74.
581 3089 786 3143 Ebenso
839 3089 997 3141 multi
1045 3118 1090 3129 —
1142 3088 1317 3141 multa
1421 3088 1492 3142 ist
1513 3087 1647 3141 dann
1666 3088 1749 3141 die
1766 3087 2094 3142 relativische
2113 3086 2448 3154 Verbindun'g

288 3158 309 3210 1
344 3159 377 3225 ἦ
413 3161 496 3213 49.
1422 3156 1617 3210 wieder
1652 3156 1808 3209 fallen
1843 3156 2183 3223 gelassen.—
2218 3155 2311 3208 Die
2331 3155 2452 3208 Ein-

361 3231 407 3279 5.
466 3228 660 3277 summi
717 3230 769 3277 et
823 3225 1123 3292 singularis
1181 3228 1316 3292 viri,
1424 3225 1659 3291 theilung
1675 3223 1805 3277 wird
1883 3227 1942 3277 21
1967 3240 2017 3279 u.
2041 3225 2105 3277 22
2130 3223 2447 3291 angegehen,

292 3291 383 3345 des
419 3291 712 3360 Pompejus.
1423 3292 1559 3346 dann
1598 3292 1801 3346 werden
1860 3291 1909 3345 ic
1933 3291 2083 3345 seclis
2107 3291 2447 3359 angeffihrten

361 3363 409 3414 6.
445 3375 599 3426 saepe
632 3359 700 3412 ist
724 3359 818 3412 mit
843 3360 1184 3426 eoepiclsiones
1206 3375 1320 3413 ver·
1423 3359 1627 3413 Grande
1676 3360 1728 3413 in
1776 3359 1883 3413 drei
1927 3359 2087 3413 Paare
2132 3375 2452 3414 zusammen-

290 3427 498 3481 bunden
546 3426 706 3481 durch
742 3426 857 3480 eine
893 3428 1115 3495 gewisse
1151 3428 1317 3481 Kurze
1423 3428 1640 3496 gefasst,
1676 3428 1780 3482 und
1815 3444 1920 3481 von
1956 3428 2323 3480 benevolentia
2343 3428 2451 3484 und

291 3496 382 3550 des
394 3494 691 3549 Ausdrucks
705 3494 787 3547 sur
800 3495 983 3562 quales
993 3512 1150 3562 saepe
1160 3495 1306 3558 fiunt
1422 3501 1597 3549 metue
1619 3495 1701 3549 bis
1725 3498 1756 3562 5
1772 3499 1857 3563 30,
1881 3511 1986 3549 von
2011 3498 2180 3549 Itonos
2199 3496 2303 3549 und
2317 3496 2452 3559 fides

291 3565 484 3618 ebenso
512 3565 611 3617 wie
637 3579 816 3616 omnes
837 3569 984 3617 eirea
998 3564 1192 3632 populi
1214 3534 1320 3617 und
1422 3565 1505 3619 bis
1542 3564 1575 3633 ἦ
1615 3568 1707 3631 51,
1742 3580 1848 3617 von
1884 3564 2180 3616 liberalitas
2203 3563 2310 3617 und
2334 3579 2453 3616 eor-

292 3633 555 3687 fihnliches
587 3649 653 3686 zu
689 3631 921 3685 erkliren
957 3632 1044 3687 ist.
1421 3633 1638 3701 ruptela
1673 3649 1716 3687 c.
1752 3635 1931 3687 15-24
1968 3647 2060 3699 ges
2097 3632 2302 3685 rochen.
2375 3630 2451 3685 Da

361 3705 409 3755 7.
431 3702 765 3755 calamitates
782 3700 920 3754 kann
938 3700 993 3753 in
1011 3699 1204 3755 diesem
1224 3699 1321 3753 Zu-
1421 3702 1521 3754 wir
1542 3716 1641 3754 uns
1665 3701 1788 3753 aber
1809 3698 2053 3753 Wohlwo
2096 3714 2178 3765 en,
2205 3699 2448 3768 Achtnng

291 3771 689 3838 sammenhange
725 3786 821 3823 nur
854 3768 1318 3836 Verurtheilnngcn
1421 3768 1528 3822 und
1563 3768 1817 3823 Zutrauen
1853 3768 1942 3821 der
1975 3766 2259 3835 Mitburger
2295 3767 2449 3821 meist

290 3837 564 3892 bedenten.
609 3854 933 3904 rurmsque:
969 3853 1011 3892 s.
1047 3854 1093 3891 z.
1131 3837 1164 3905 ἦ
1200 3840 1248 3892 3.
1422 3836 1582 3890 durch
1638 3835 1900 3890 dieselben
1946 3835 2117 3889 Mittel
2165 3836 2448 3902 erwerben,

360 3909 409 3963 9.
465 3922 496 3959 o
545 3909 653 3959 'bus
704 3911 759 3958 et
807 3907 1019 3972 taediis,
1078 3906 1132 3958 in
1180 3904 1320 3958 dem·
1423 3921 1483 3959 so
1506 3905 1697 3958 liessen
1721 3904 1832 3958 sich
1870 3903 1953 3957 die
1975 3903 2283 3958 Abschnitte
2306 3903 2449 3957 nicht

293 3975 473 4029 selben
535 3974 654 4027 inne
678 3975 781 4028 wie
817 3991 918 4042 ope
951 3980 1113 4042 atque
1136 3989 1319 4041 opera.
1422 3978 1600 4041 streng
1634 3988 1726 4027 aus
1762 3971 2003 4026 einander
2038 3971 2230 4026 halten.
