2813 4537
831 285 915 341 DE
952 285 1212 339 OFFIGIIS
1248 286 1367 343 LIB.
1388 286 1423 342 Ι.
1483 286 1626 343 CAP.
1649 290 1727 342 14.
1772 291 1846 342 15.
2336 287 2420 350 59

262 457 406 520 latio
437 477 470 520 a
502 458 674 521 iustis
704 458 963 520 dominis
988 459 1060 521 ad
1091 458 1317 521 alienos
1347 478 1471 522 non
1500 459 1678 522 debet
1714 459 1973 524 liberalis
2001 462 2202 525 videri.
2260 462 2421 526 Nihil

267 552 361 605 est
389 543 549 605 enim
579 544 841 620 liberale,
873 546 1032 626 quod
1056 563 1179 607 non
1206 544 1361 607 idem
1385 545 1624 607 iustum.
1677 546 1839 609 Alter
1860 547 2029 609 locus
2052 556 2174 610 erat
2195 549 2423 611 cautio·
2466 560 2526 612 44

266 631 381 705 nis,
405 647 483 691 ne
503 630 841 710 benignitas
863 631 1052 694 maior
1073 638 1228 693 esset
1250 649 1428 711 quam
1452 631 1784 729 facultates,
1799 632 1960 713 quod
1984 634 2088 715 qui
2107 633 2421 714 benignio-

264 734 363 777 res
408 715 610 778 volunt
642 734 771 779 esse
814 734 991 797 quam
1032 735 1128 779 res
1156 717 1410 798 patitur,
1441 716 1701 798 primum
1731 717 1792 780 in
1825 737 1896 779 eo
1926 728 2207 800 peccant,
2262 720 2421 801 quod

180 810 220 861 5
266 800 542 863 iniuriosi
585 809 726 864 sunt
770 802 829 864 in
863 802 1199 883 proximos:
1245 820 1391 882 quas
1423 803 1584 865 enim
1614 802 1830 884 copias
1844 803 1939 865 his
1968 814 2026 866 et
2056 805 2420 886 suppeditari

266 886 516 968 aequius
544 895 635 948 est
666 895 724 949 et
754 887 1045 969 relinqui,
1093 906 1191 950 eas
1221 888 1589 951 transferunt
1628 888 1700 950 ad
1730 887 1975 951 alienos.
2032 889 2195 953 Inest
2222 899 2420 953 autem

263 972 327 1034 in
359 971 459 1034 tali
489 971 839 1035 liberalitate
868 973 1160 1055 cupiditas
1189 970 1543 1055 plerumque
1570 974 1839 1056 rapiendi
1879 984 1937 1037 et
1965 976 2268 1041 auferendi
2310 995 2420 1058 per

263 1057 574 1133 iniuriam,
607 1067 675 1121 ut
701 1059 773 1121 ad
803 1058 1175 1139 largiendum
1203 1067 1527 1140 suppetant
1555 1059 1778 1141 copiae.
1836 1059 2047 1123 Videre
2077 1061 2251 1123 etiam
2280 1061 2421 1124 licet

263 1141 583 1225 plerosque
628 1163 750 1206 non
791 1152 909 1206 tam
941 1154 1151 1207 natura
1180 1143 1453 1207 liberales
1484 1164 1662 1226 quam
1693 1146 1943 1228 quadam
1973 1146 2161 1226 gloria
2188 1147 2416 1223 ductos,

149 1239 213 1291 to
266 1237 333 1290 ut
360 1228 611 1292 benefici
640 1229 997 1307 videantur,
1033 1232 1229 1292 facere
1253 1230 1471 1306 multa,
1526 1249 1677 1313 quae
1707 1231 2005 1313 proficisci
2055 1232 2127 1294 ab
2160 1240 2417 1295 ostenta-

261 1314 426 1376 tione
471 1315 658 1395 magis
700 1334 878 1397 quam
907 1335 939 1378 a
968 1316 1269 1378 voluntate
1298 1315 1625 1379 videantur.
1706 1316 1866 1380 Talis
1894 1327 2091 1379 autem
2121 1317 2416 1380 simulatio

261 1400 501 1462 vanitati
534 1409 622 1462 est
652 1401 1029 1463 coniunctior
1060 1419 1238 1483 quam
1267 1412 1368 1464 aut
1396 1400 1733 1464 liberalitati
1764 1412 1867 1465 aut
1894 1403 2208 1465 honestati.
2275 1403 2420 1466 Ter·
2462 1416 2519 1466 45

257 1485 406 1547 tium
440 1494 530 1547 est
557 1486 968 1568 propositum,
1004 1494 1070 1549 ut
1100 1487 1163 1549 in
1193 1488 1586 1550 beneficentia
1619 1486 1872 1550 dilectus
1899 1497 2053 1550 esset
2080 1488 2413 1568 dignitatis:

257 1570 320 1633 in
354 1590 474 1653 quo
506 1580 564 1633 et
593 1589 791 1634 mores
819 1572 948 1638 eius
979 1582 1154 1635 erunt
1183 1572 1526 1655 spectandi,
1577 1574 1641 1634 in
1675 1592 1852 1654 quem
1882 1573 2237 1636 beneficium
2268 1593 2415 1636 con-

150 1662 213 1716 15
262 1657 519 1732 feretur,
566 1666 627 1720 et
667 1658 901 1720 animus
945 1677 1083 1739 erga
1131 1677 1244 1720 nos
1289 1669 1348 1720 et
1375 1659 1447 1721 ad
1480 1667 1713 1737 nostras
1740 1659 2026 1721 utilitates
2056 1659 2252 1722 officia
2279 1667 2415 1722 ante

260 1741 473 1805 collata
516 1750 575 1804 et
623 1744 1018 1807 communitas
1067 1763 1136 1807 ac
1187 1744 1439 1806 societas
1488 1743 1675 1806 vitae:
1701 1783 1715 1797 -
1737 1762 1886 1825 quae
1918 1753 2004 1806 ¹⁴ut
2056 1754 2416 1807 concurrant

256 1827 479 1903 omnia,
508 1828 767 1909 optabile
790 1839 908 1892 est.
941 1830 992 1891 si
1015 1830 1233 1905 minue,
1263 1827 1468 1911 plures
1496 1847 1707 1891 causae
1734 1829 2109 1910 maioresque
2132 1829 2413 1910 ponderis

254 1913 394 1995 plus
421 1913 742 1976 habebunt.

426 1998 719 2071 Quoniam
749 2009 944 2062 autem
971 1999 1185 2062 vivitur
1216 2018 1338 2061 non
1371 2017 1507 2061 cum
1538 1999 1818 2081 perfectis
1838 1968 2183 2062 ὶιοιιιίιιίιιιιι
2203 1999 2514 2098 plane-15

148 2092 209 2143 20
253 2103 370 2165 que
400 2085 802 2166 sapientibus,
849 2085 949 2147 sed
980 2103 1116 2147 cum
1146 2085 1252 2162 iis,
1282 2085 1346 2147 in
1379 2084 1597 2165 quibus
1627 2084 1930 2166 praeclare
1958 2078 2153 2183 agitur
2190 2085 2240 2146 si
2272 2093 2414 2148 sunt
2454 2097 2515 2148 46

255 2169 571 2233 simulacra
599 2169 850 2244 virtutiS‚
897 2170 1073 2233 etiam
1102 2172 1218 2234 hoc
1247 2170 1714 2251 intellegendum
1745 2178 1914 2252 puto,
1951 2171 2253 2235 neminem
2282 2189 2411 2233 om·

1385 2343 1561 2474 <Talin
1599 2338 1860 2402 officio-
1885 2342 1973 2391 sin
2008 2344 2169 2391 erunt
2200 2342 2409 2393 mer-ita

254 2474 289 2558 3
326 2477 393 2528 50
429 2478 487 2526 in
525 2481 689 2541 equis,
723 2479 783 2526 in
820 2475 1076 2527 leonibus.
1129 2476 1284 2543 3154
1435 2422 1503 2529 g.9
1536 2407 1727 2540 {lona
1757 2474 2093 2541 Ruhmsuoht‚
2130 2476 2231 2528 wie
2256 2475 2407 2529 Tusc.

251 2546 314 2593 in
344 2546 604 2610 parentiS,
637 2547 698 2595 in
733 2546 912 2596 amici.
963 2543 1006 2595 11
1041 2543 1075 2610 3
1098 2547 1165 2597 59
1203 2545 1282 2596 di-
1382 2542 1427 2595 11
1462 2545 1544 2608 27,
1570 2546 1634 2596 65
1670 2559 1842 2608 neque
1874 2543 2031 2594 illum
2062 2516 2340 2609 (lictorem)
2365 2574 2411 2583 —

253 2613 409 2663 cebat
439 2612 581 2663 idem
618 2612 797 2677 Cotta,
835 2611 1017 2664 Curio.
1382 2614 1600 2663 ratione
1623 2616 1722 2662 aut
1740 2612 2285 2677 sapientiatulerant,
2318 2614 2412 2664 sed

325 2679 573 2732 Caesaris
596 2683 957 2747 pecuniarum
981 2681 1280 2732 translatio.
1378 2680 1559 2731 studio
1567 2678 2023 2744 potimetgloria.
2044 2679 2107 2731 de
2122 2678 2245 2732 offil
2313 2683 2407 2733 152

292 2763 445 2799 ecun.
471 2748 657 2800 transl.
681 2749 1010 2801 verschmilzt
1023 2764 1088 2801 ιιι
1113 2748 1279 2802 einem
1385 2750 1762 2813 communitas,
1798 2746 2141 2800 Gemeinsinn.
2195 2747 2235 2798 ll
2343 2751 2408 2802 24

299 2815 464 2883 egriff,
489 2831 593 2868 von
619 2816 733 2869 dem
759 2816 848 2869 der
876 2819 924 2869 2.
949 2816 1170 2869 Genetiv
1194 2817 1282 2869 ab·
1385 2816 1619 2868 libertas.
1654 2816 1859 2869 Ebenso
1897 2815 1980 2869 bei
2017 2816 2159 2868 θεοῦ.
2198 2816 2247 2869 b.
2321 2816 2406 2870 all.

251 2885 429 2951 hiingt.
448 2884 653 2938 Ebenso
670 2884 780 2952 350
796 2886 892 2936 sed
902 2891 1281 2951 quaenaturae
1380 2883 1451 2935 IV
1486 2886 1516 2936 2
1556 2885 1732 2950 labor,
1767 2883 2140 2945 Arbeitskraft;
2191 2888 2408 2951 veritas,

245 2955 529 3019 principia
542 2958 673 3004 sunt
685 2957 1098 3006 communitatis.
1126 2954 1159 3021 3
1182 2957 1276 3007 132
1381 2951 1830 3005 Wahrheitsliebe.
1856 2952 1960 3020 vgl.
1967 2925 2299 3019 Nagelsbach
2316 2953 2406 3007 lat.

250 3023 615 3073 contentionis
663 3027 953 3088 praecepta
998 3025 1278 3074 rhetorum

246 3093 395 3154 sunt,
409 3089 564 3140 nuda
580 3093 859 3141 sermonis.
886 3089 1082 3169 Hiiufig
1094 3091 1276 3143 steben

254 2354 353 2391 nur
412 2338 543 2392 zwei
602 2338 860 2407 Beispiele
918 2340 1284 2407 herausgreife,

255 2406 382 2459 aber
427 2407 563 2459 noch
597 2408 741 2460 mehr
785 2407 1033 2461 anffihren
1069 2407 1282 2461 konnte.

1382 3019 1498 3074 Stil.
1535 3020 1570 3088 3
1603 3024 1687 3087 48,
1725 3023 1772 3074 2.

1456 3092 1531 3142 10.
1569 3091 1635 3140 ab
1662 3093 2017 3142 ostentatione
2044 3093 2222 3154 magis
2246 3105 2408 3155 quam

248 3157 305 3210 in
331 3156 526 3209 diesem
548 3157 691 3210 Falle
712 3157 797 3210 die
824 3153 1010 3210 beiden
1028 3158 1276 3212 Genetiva

250 3225 355 3277 wie
368 3225 479 3278 hier
495 3225 612 3278 dem
622 3241 679 3278 re
718 3225 959 3279 erenden
971 3224 1277 3279 Substantiv

249 3308 427 3346 vot-an.
472 3292 537 3346 de
570 3293 658 3347 fin.
750 3293 871 3361 314
926 3294 1280 3362 Theophrasti

249 3365 518 3414 orationis
551 3368 886 3415 ornamenta.
937 3361 1081 3415 Brut.
1118 3362 1152 3429 3
1180 3364 1276 3417 163

247 3430 538 3483 Scaevolae
572 3431 788 3483 dicendi
821 3430 1108 3496 elegantia.

318 3500 366 3551 2.
426 3498 595 3565 locus,
650 3499 745 3551 der
774 3497 927 3551 'I'heil
961 3498 1054 3552 des
1089 3514 1154 3551 ιιι
1188 3500 1278 3551 be·-

247 3566 572 3620 handelnden
591 3566 996 3635 Gegenstandes‚
1031 3567 1134 3620 wie
1157 3567 1190 3634 3
1211 3569 1276 3620 20

244 3639 410 3688 ratio.
457 3633 574 3702 Vgl.
611 3634 645 3702 3
681 3639 763 3689 65.

320 3708 468 3755 erat:
523 3703 653 3756 tiber
706 3703 805 3756 den
859 3698 1126 3756 Gebraueh
1186 3701 1278 3754 des

246 3771 550 3839 Imperfects
585 3787 626 3825 s.
664 3788 709 3826 ι.
747 3771 781 3839 3
817 3774 912 3825 143
951 3787 1089 3837 quae
1123 3776 1282 3822 erant

240 3840 569 3907 prudentiae
597 3843 846 3908 propria.

316 3911 367 3961 4.
416 3910 691 3974 primum:
745 3911 877 3961 statt
918 3907 1109 3959 deinde
1144 3906 1278 3973 folgt

244 3979 390 4030 inest
425 3981 618 4030 autem.
691 3977 724 4045 3
758 3980 823 4031 47
860 3979 1106 4044 primum
1139 3976 1280 4027 illud

1380 3173 1415 3207 a
1449 3157 1747 3226 voluntate,
1799 3156 1878 3209 als
1924 3172 2017 3210 aus
2073 3157 2276 3209 wabrer
2308 3157 2407 3211 Ge·

1380 3225 1631 3290 sinnung;
1669 3195 1747 3276 ad
1769 3223 2069 3278 Attic.V111
2103 3228 2152 3290 9,
2178 3227 2208 3278 2
2244 3228 2405 3291 signa

1381 3294 1800 3356 conturbantur,
1850 3293 2041 3358 quibus
2087 3291 2336 3345 voluntas
2371 3311 2406 3345 a

1378 3360 1728 3412 simulatione
1762 3360 2031 3426 distingui
2054 3363 2249 3428 posset.

1438 3431 1521 3481 20.
1539 3428 1826 3495 praeclare
1849 3433 2052 3496 agitur,
2067 3444 2124 3482 es
2137 3430 2276 3482 steht
2288 3445 2406 3482 vor-

1379 3496 1620 3551 trefflich.
1647 3495 1711 3548 de
1724 3498 1870 3550 amic.
1888 3501 1935 3564 3,
1951 3502 2008 3551 11
2027 3513 2147 3550 cum
2165 3498 2258 3549 illo
2278 3513 2402 3549 vet-o

1379 3568 1500 3632 quis
1515 3570 1675 3631 neget
1691 3571 1870 3618 actum
1889 3583 1999 3617 esse
2012 3566 2403 3645 praeclare?—

1379 3637 1440 3684 in
1461 3635 1653 3700 quibus
1674 3635 1743 3686 ist
1762 3635 1856 3687 mit
1873 3640 2001 3686 mni
2023 3649 2088 3686 zu
2105 3632 2403 3686 verbinden.

1379 3702 1485 3769 vgl.
1525 3702 1558 3769 3
1583 3706 1648 3756 42
1687 3707 1784 3768 qui
1816 3707 1896 3754 ita
1931 3705 2116 3753 iubent
2147 3705 2233 3752 uti
2267 3706 2363 3755 cet.

1449 3773 1530 3823 21.
1583 3773 1876 3823 simulacra
1910 3773 2157 3834 virtutis,·
2208 3769 2314 3838 vgl.
2352 3771 2403 3823 d.

1379 3837 1468 3892 fin.
1494 3837 1541 3888 V
1572 3843 1650 3903 15,
1672 3842 1737 3891 43
1771 3842 1933 3906 parvi
1954 3842 2217 3890 uirtutum
2238 3842 2404 3891 simu-

1381 3907 1564 3972 lacris,
1585 3911 1886 3972 quarumin
1904 3909 2169 3959 sehabent
2182 3911 2402 3972 semina,

1378 3978 1495 4026 sine
1515 3976 1766 4027 doctrina
1787 3982 2082 4029 moventur.
2118 3975 2210 4028 Die
2229 3976 2402 4028 wahre
