2813 4537
833 283 1216 339 DEssFFICllS
1252 284 1370 339 LIB.
1403 284 1483 339 111.
1544 285 1686 340 GAP.
1712 288 1758 339 3.
1783 290 1833 341 4.
2293 283 2412 345 185

262 457 406 519 illud
435 457 674 536 quidem
701 459 1033 538 perfectum
1062 458 1379 519 honestum
1421 457 1585 518 nullo
1615 458 1791 520 modo
1810 504 1825 533 ,
1867 458 2279 522 similitudines
2307 461 2416 521 ho-

266 542 421 605 nesti
450 561 577 604 esse
606 551 878 622 possunt.
951 543 1111 604 Haec
1142 542 1301 604 enim
1333 542 1560 618 officia,
1606 543 1677 603 de
1723 543 1939 622 quibus
1971 545 2063 606 his
2104 546 2271 607 libris
2300 546 2419 607 dis-
2463 554 2523 607 14

263 635 574 709 putamuS,
603 629 795 690 media
826 628 1010 690 Stoici
1054 628 1381 708 appellant:
1429 646 1497 688 ea
1542 628 1879 689 communia
1909 636 2051 690 sunt
2080 639 2146 691 et·
2166 632 2281 692 late
2311 649 2417 711 pa-

264 721 425 788 tent,
469 731 618 791 quae
661 721 721 774 et
758 714 984 793 ingenii
1024 713 1292 775 bonitate
1330 713 1502 774 multi
1531 722 1884 775 assecuntur
1913 721 1971 774 et
1998 716 2419 795 progressione

184 813 236 863 ‘5
265 799 548 860 discendi.
635 799 785 861 Illud
829 806 1028 861 autem
1072 800 1362 873 officium,
1422 799 1581 878 quod
1624 806 1855 860 rectum
1899 799 2054 862 idem
2098 801 2415 881 appellant,

264 885 595 964 perfectum
624 893 800 964 atque
829 885 1164 947 absolutum
1194 890 1286 946 est
1314 891 1391 959 et,
1421 892 1488 946 ut
1515 884 1670 945 idem
1700 885 1925 960 dicunt,
1956 904 2165 947 omnes
2205 904 2418 948 nume·
2484 893 2488 904 ’

248 987 365 1030 -ros
408 969 587 1030 habet
629 988 743 1031 nec
787 976 1026 1049 praeter
1067 970 1396 1049 sapientem
1440 969 1649 1030 cadere
1694 970 1755 1031 in
1803 989 2158 1050 quemquam
2201 979 2466 1061 potest),

267 1054 414 1116 Cum
443 1063 641 1115 autem
686 1055 905 1134 aliquid
934 1062 1131 1117 actum
1176 1062 1290 1130 est,
1322 1054 1385 1115 in
1419 1074 1537 1134 quo
1567 1055 1758 1117 media
1789 1055 1983 1117 officia
2016 1064 2418 1136 compareant,
2462 1062 2523 1113 15

265 1140 325 1201 id
354 1140 651 1214 cumulate
677 1140 909 1201 videtur
939 1158 1066 1202 esse
1092 1141 1423 1219 perfectum
1452 1149 1794 1220 propterea,
1829 1142 1986 1220 quod
2016 1143 2241 1222 volgus,
2274 1142 2415 1222 quid

264 1225 417 1287 absit
460 1243 493 1285 a
528 1225 810 1304 perfecto,
857 1244 980 1286 non
1013 1227 1138 1287 fere
1173 1224 1492 1305 intellegit:
1533 1233 1827 1304 quatenus
1870 1235 2068 1288 autem
2113 1227 2419 1307 intellegit,

267 1310 418 1371 nihil
457 1316 628 1390 putat
668 1311 1187 1391 praetermissum:
1234 1311 1393 1390 quod
1438 1310 1593 1371 idem
1634 1311 1698 1371 in
1728 1312 2045 1390 poematis,
2077 1313 2139 1373 in
2170 1313 2419 1392 picturis

265 1415 379 1458 usu
407 1395 659 1457 venitin
705 1396 951 1476 aliisque
994 1397 1429 1477 compluribus,
1473 1405 1541 1457 ut
1584 1397 1955 1458 delectentur
1997 1397 2253 1477 imperiti
2293 1398 2420 1458 lau-

265 1482 526 1562 dentque
571 1500 668 1555 ea,
717 1500 866 1561 quae
911 1482 1203 1544 laudanda
1247 1502 1366 1544 non
1413 1482 1562 1557 sint,
1610 1482 1686 1542 ob
1735 1501 1883 1558 eam,
1930 1483 2142 1557 cred0,
2183 1501 2420 1544 causam

266 1567 428 1647 quod
470 1566 613 1628 insit
653 1567 716 1627 in
763 1568 835 1629 iis
879 1568 1098 1647 aliquid
1127 1569 1334 1647 probi,
1369 1568 1530 1647 quod
1560 1568 1752 1648 capiat
1791 1568 2049 1647 ignaros,
2082 1568 2184 1647 qui
2216 1563 2418 1652 [idem]

266 1652 407 1731 quid
437 1652 501 1713 in
531 1669 653 1713 una
684 1671 919 1731 quaque
964 1671 1030 1712 re
1071 1653 1196 1713 vitii
1240 1653 1315 1715 sit
1345 1661 1649 1731 nequeant
1693 1653 1969 1713 iudicare.
2043 1652 2250 1733 Itaque
2282 1671 2417 1716 cum

266 1746 407 1800 sunt
436 1736 596 1798 docti
618 1755 652 1796 a
679 1737 905 1816 peritis,
936 1738 1231 1799 desistunt
1250 1737 1422 1797 facile
1453 1737 1765 1798 sententia.
1818 1737 1978 1798 Haec
2001 1738 2179 1815 igitur
2202 1739 2413 1813 officia,
2450 1736 2491 1791 4

266 1824 339 1883 de
370 1822 587 1901 quibus
614 1821 706 1883 his
733 1821 900 1883 libris
927 1822 1299 1897 disserimus,
1346 1822 1513 1901 quasi
1556 1822 1814 1883 secunda
1860 1824 2146 1901 quaedam
2173 1824 2423 1885 honesta

267 1925 397 1969 esse
425 1906 650 1981 dicunt,
681 1925 808 1968 non
840 1908 1196 1987 sapientium
1224 1909 1402 1969 modo
1434 1907 1700 1987 propria,
1733 1908 1836 1968 sed
1867 1926 2005 1969 cum
2035 1907 2199 1968 omni
2227 1909 2420 1969 homi-

268 2010 415 2054 num
436 2009 657 2072 genere
686 1992 1042 2055 communia.
1117 1992 1323 2074 Itaque
1367 1993 1440 2054 iis
1472 2009 1708 2074 omnes,
1763 1992 1824 2053 in
1873 1992 2089 2071 quibus
2119 2001 2208 2054 est
2234 1993 2422 2054 virtu-

162 2091 223 2143 20
267 2077 342 2139 tis
370 2077 618 2154 indoles,
650 2087 1118 2141 commoventur.
1178 2079 1301 2141 Nec
1328 2097 1469 2140 vero
1501 2096 1637 2139 cum
1667 2078 1785 2139 duo
1818 2078 1982 2139 Decii
2012 2086 2113 2139 aut
2142 2080 2260 2139 duo
2292 2077 2421 2139 Sci-

263 2163 476 2244 piones
506 2164 691 2225 fortes
718 2164 830 2225 viri
857 2173 1402 2227 commemorantur
1432 2172 1533 2224 aut
1562 2182 1699 2226 cum
1722 2163 2027 2225 Fabricius
2058 2161 2182 2247 [aut
2211 2164 2422 2226 Aristi-

2466 1992 2528 2045 16

339 2334 382 2383 1.
418 2331 802 2382 similitudines
837 2335 1060 2389 honesti.
1123 2333 1175 2387 S.
1203 2333 1292 2386 z.1

1466 2334 1544 2384 11.
1582 2332 1725 2384 nihil
1758 2337 1919 2399 putat
1950 2335 2421 2398 praetermissum:

268 2399 298 2465 ξ
335 2400 403 2451 46
436 2399 726 2450 simulam-a
760 2403 998 2452 virtutis.

1396 2415 1457 2451 so
1476 2399 1633 2452 sehen
1664 2400 1740 2451 sie
1764 2400 1863 2451 den
1881 2398 2219 2452 Unterschied
2252 2400 2333 2451 fiir
2361 2415 2419 2452 so

336 2469 387 2520 2.
424 2465 592 2519 Ueber
609 2466 707 2519 den
719 2466 886 2519 Inhalt
910 2468 1001 2520 des
1026 2468 1056 2534 ξ
1093 2485 1134 2520 s,
1160 2468 1290 2521 Einl.

270 2535 304 2603 ξ
342 2538 405 2588 20
442 2552 494 2589 u.
530 2551 574 2586 z.
610 2533 632 2585 1
668 2536 700 2601 ἦ
739 2537 786 2588 8.

338 2604 480 2655 Haeo
515 2606 673 2655 enim.
714 2602 813 2655 Der
836 2602 995 2655 durch
1021 2606 1164 2654 enim
1189 2603 1295 2656 ein-

305 2671 506 2723 effihrte
542 2671 715 2723 Grund
759 2671 899 2723 stelit
943 2676 1048 2723 eret
1086 2671 1139 2722 in
1176 2671 1292 2723 dem

315 2738 642 2798 elativsatze3
679 2754 724 2789 z.
750 2738 802 2789 -11
836 2739 871 2806 ξ
913 2741 991 2791 17.
1297 2746 1311 2759 ·

338 2810 389 2858 4.
425 2809 636 2871 ingenii
677 2808 917 2857 bonitate
953 2812 1006 2859 et
1041 2822 1296 2873 progres-

269 2878 420 2925 sione
454 2873 708 2925 discendi.
773 2872 942 2927 Dutch
977 2868 1169 2944 εὗφυία
1206 2873 1297 2940 τῆς

269 2956 443 3062 ἥιὲξιιγε
467 2941 572 2994 und
596 2937 846 3013 προκοπή
876 2942 1014 2995 kann
1037 2958 1157 2995 man
1180 2942 1295 2995 dem
1318 2960 1331 2980 ν

455 3008 546 3062 des
581 3009 791 3062 Weisen
838 3010 1116 3078 moglichst
1162 3012 1295 3064 nahe

270 3078 526 3131 hominen.
571 3077 623 3132 S.
642 3078 773 3132 Einl.
801 3078 936 3146 §23-
978 3079 1137 3132 Beide
1164 3095 1296 3132 wer-

271 3145 370 3199 den
389 3146 566 3200 darum
585 3148 717 3201 auch
734 3153 885 3200 unter
901 3148 984 3201 die
1002 3148 1295 3201 schatzens·

271 3215 504 3267 werthen
526 3214 689 3282 Dinge
721 3220 1051 3287 προηγμένα,
1085 3216 1294 3284 geroch—

270 3287 375 3335 net.
424 3279 675 3352 προκοπή
697 3284 959 3337 ubersetzt
982 3285 1085 3337 Cic.
1107 3285 1294 3352 richtig

204 3398 208 3403 .
271 3350 428 3403 durch
446 3354 758 3417 progressio
784 3352 929 3415 diae„
951 3353 1073 3404 weil
1092 3353 1175 3405 die
1191 3352 1294 3406 Tu-

270 3418 406 3487 gend
440 3418 644 3471 lehrbar
675 3419 746 3471 ist
778 3419 884 3471 und
908 3419 1000 3473 auf
1019 3420 1134 3472 dem
1160 3420 1294 3474 Wis-

269 3502 365 3541 sen
395 3487 597 3541 bei-ulit.

337 3559 386 3608 6.
423 3572 605 3608 omnen
636 3571 889 3608 numeros
920 3558 1102 3608 habet.-
1136 3560 1295 3609 wort-

269 3623 404 3675 liche
461 3623 850 3708 Uebersetzung
915 3640 1019 3678 von
1084 3618 1297 3677 πάντας

271 3694 414 3754 ἒχων
448 3690 572 3744 τοὺς
603 3683 889 3764 ἇριθμους.
923 3692 1031 3746 Den
1059 3694 1295 3761 gleichen

272 3757 536 3811 Gebrauch
572 3775 677 3813 von
710 3776 966 3812 numeru-5
1006 3762 1175 3815 haben
1211 3761 1294 3815 die

270 3825 457 3879 Romer
479 3827 533 3879 in
552 3827 900 3882 Redensarten
926 3830 1026 3882 wie
1050 3832 1296 3882 omnibus

270 3898 511 3947 numeris
543 3897 815 3949 absolutus
847 3913 897 3949 u.
935 3898 1221 3951 iihnlichen.

344 3966 422 4016 10.
459 3978 570 4015 non
602 3964 745 4025 fere:
782 3980 824 4018 s.
861 3963 881 4016 1
917 3964 950 4032 5
987 3969 1068 4020 61.

1396 2467 1576 2534 gering
1611 2482 1693 2532 an,
1730 2466 1849 2519 dass
1887 2483 1941 2518 er
1965 2483 2058 2533 gar
2081 2468 2223 2520 nicht
2246 2468 2299 2520 in
2325 2467 2422 2520 Be-

1398 2535 1566 2587 tracht
1606 2551 1671 2587 zu
1706 2535 1887 2587 ziehen
1924 2536 2015 2587 sei.

1408 2603 1613 2731 ugo?
1644 2602 1803 2722 ίιέιηᾶιὶ
1836 2602 2044 2722 νειιὶιςὶλ
2082 2602 2115 2668 ξ
2147 2605 2241 2655 116
2280 2603 2424 2669 quod

1395 2689 1414 2722 τ
1599 2686 1675 2725 eet
1802 2686 1888 2722 mo
1950 2687 2057 2723 eus.

1472 2742 1549 2791 17.
1588 2742 1744 2804 quasi
1775 2739 2009 2790 secunda
2035 2738 2296 2804 quaedam
2331 2740 2424 2789 Ιιο-

1396 2811 1566 2871 nesta,
1603 2806 1694 2859 das
1717 2807 1943 2860 Ehrbare
1971 2807 2193 2859 zweiten
2213 2806 2419 2859 GradeS.

1396 2874 1498 2927 Der
1530 2874 1800 2928 Ausdruck
1848 2875 1917 2927 ist
1952 2875 2095 2927 nicht
2127 2875 2271 2927 recht
2306 2890 2423 2942 pas·

1397 2942 1538 2995 send.
1580 2942 1724 2996 Denn
1749 2943 1841 2996 das
1865 2946 2141 2996 honestum
2167 2942 2330 2996 selbst
2353 2943 2423 2996 ist

1397 3010 1650 3078 desselbe,
1687 3012 1817 3063 wird
1853 3012 1974 3064 aber
1996 3027 2101 3065 von
2125 3011 2240 3063 dem
2273 3011 2422 3064 einen

1396 3079 1491 3131 mit
1515 3079 1602 3132 der
1629 3079 1954 3133 vollendeten
1981 3079 2279 3145 Gesinnung
2309 3095 2425 3132 aus-

1397 3147 1574 3215 geiibt,
1610 3163 1713 3200 von
1739 3148 1854 3200 dem
1880 3147 2072 3200 andern
2096 3147 2255 3207 nicht.
2301 3146 2421 3200 Dies

1395 3215 1487 3268 hat
1513 3216 1614 3268 Cic.
1645 3215 1809 3267 selbst
1844 3215 2045 3282 geffihlt
2078 3214 2181 3266 und
2208 3214 2421 3267 deshalb

1432 3286 1554 3335 nasi
1588 3282 1941 3350 hinzugesfigt.
1983 3281 2128 3334 Auch
2166 3281 2248 3334 die
2286 3280 2423 3334 Stoi-

1435 3367 1698 3472 ·erhtsasge'n
1746 3368 1841 3404 nur
1889 3354 2030 3471 μλὶρα
2082 3345 2422 3416 καθήκοντα,

1397 3436 1481 3473 mc
1611 3437 1731 3471 ευτε
1768 3439 1803 3470 α
1838 3439 1906 3471 κα
1979 3456 1991 3470 .

1439 3507 1455 3513 ·’
1472 3491 1549 3542 19.
1569 3438 1792 3540 virtuti&
1815 3488 2038 3553 indoles,
2062 3486 2299 3540 dasselbe
2320 3488 2421 3540 wie

1394 3557 1692 3608 similitudo
1710 3558 1934 3623 honesti,
1955 3557 2214 3608 inchoata
2230 3559 2423 3623 virtue,

1396 3625 1467 3676 im
1503 3625 1788 3693 Gegensatz
1832 3641 1922 3678 zur
1955 3624 2284 3677 vollendeten
2319 3623 2422 3677 Tu·

1396 3692 1546 3760 gend.
1598 3697 1921 3745 commoveri
1954 3693 2092 3746 steht
2126 3692 2179 3743 in
2205 3691 2422 3745 demsel-

1391 3762 1494 3814 ben
1532 3760 1688 3814 Sinne
1725 3762 1826 3814 wie
1860 3766 2035 3813 movet
2067 3760 2088 3812 1
2123 3759 2155 3827 ξ
2194 3765 2277 3815 55.

1464 3831 1547 3882 21.
1570 3834 1669 3881 aut
1682 3831 1977 3881 Armides:
2013 3831 2077 3881 ab
2113 3831 2212 3879 hoe
2246 3830 2421 3883 bieten

1397 3897 1480 3950 die
1515 3898 1698 3950 besten
1733 3897 1880 3950 Hdss,
1920 3897 2009 3950 des
2033 3897 2261 3950 Lactant.
2299 3899 2419 3953 inst.

1396 3965 1500 4020 div.
1515 3965 1581 4018 v]
1596 3970 1645 4033 6,
1657 3967 1723 4020 26
1743 3966 1821 4019 ed.
1836 3965 1968 4033 Par„
1984 3964 2089 4018 und
2107 3966 2208 4017 hoe
2223 3965 2419 4018 konnte
