2813 4537
874 252 959 306 DE
997 252 1257 308 OFFIGIIS
1293 253 1413 308 LIB.
1449 253 1484 308 1.
1541 253 1681 308 GAP.
1713 257 1796 309 41.
2299 252 2419 314 113

257 441 328 486 ex
370 424 583 505 parvis.
656 424 743 486 Ex
788 424 1098 488 oculorum
1143 434 1390 506 optutu,
1437 427 1891 508 superciliorum
1932 436 2033 490 aut
2074 427 2424 490 remissione

255 517 357 571 aut
388 509 823 585 contractione,
864 529 933 572 ex
963 510 1259 574 maestitia
1288 530 1359 573 ex
1388 512 1680 575 hilaritate
1711 532 1782 575 ex
1809 513 1966 588 risu,
2010 531 2081 575 ex
2121 512 2425 576 locutione

259 612 330 656 ex
358 596 697 671 reticentia,
728 615 799 658 ex
829 597 1215 659 contentione
1243 598 1404 660 vocis
1435 616 1505 659 ex
1532 598 1964 674 submissione,
1999 615 2069 660 ex
2098 599 2315 661 ceteris
2342 600 2423 660 si-

172 683 181 686 ’
259 679 497 743 milibus
529 681 700 745 facile
729 681 1150 758 iudicabimus,
1201 682 1342 764 quid
1374 701 1582 746 eorum
1614 691 1750 764 apte
1779 686 1914 760 flat,
1945 683 2089 763 quid
2118 683 2194 746 ab
2225 684 2422 746 officio

183 776 214 825 5
260 774 588 847 naturaque
617 766 934 848 discrepet.
993 766 1125 838 Quo
1162 768 1224 830 in
1255 786 1473 847 genere
1505 786 1629 830 non
1660 779 1750 830 est
1778 769 2221 833 incommodum
2250 769 2424 850 quale

260 850 522 932 quidque
552 869 760 913 eorum
790 853 868 914 sit
898 870 969 914 ex
997 852 1129 915 aliis
1157 853 1451 929 iudicare,
1490 864 1589 928 ut,
1636 854 1684 915 si
1717 854 1859 934 quid
1889 854 2164 916 dedeceat
2194 854 2255 915 in
2287 852 2424 929 illis,

258 935 510 999 vitemus
539 937 672 1019 ipsi.
732 937 828 999 Fit
857 938 1018 1000 enim
1046 939 1249 1001 neseio
1295 958 1415 1020 quo
1446 940 1624 1001 modo
1656 947 1723 1001 ut
1750 939 1937 1019 magis
1966 939 2028 1001 in
2060 939 2189 1001 aliis
2218 957 2426 1001 cerna-

260 1038 394 1083 mus
418 1040 595 1104 quam
618 1022 681 1084 in
706 1022 1002 1086 nobismet
1029 1023 1197 1105 ipsis,
1227 1024 1276 1086 si
1301 1025 1442 1105 quid
1466 1024 1849 1105 delinquitur.
1894 1024 2101 1105 Itaque
2129 1023 2425 1087 facillume

261 1107 643 1187 corriguntur
671 1107 734 1170 in
765 1108 1067 1185 discendo,
1093 1127 1348 1189 quorum
1372 1110 1507 1172 vitia
1537 1110 1844 1172 imitantur
1868 1109 2220 1174 emendandi
2249 1128 2424 1172 causa

155 1200 213 1252 10
255 1192 539 1271 magistri.

430 1276 554 1340 Nec
595 1297 736 1340 vero
778 1278 1038 1341 alienum
1084 1288 1175 1342 est
1217 1280 1287 1342 ad
1333 1298 1401 1341 ea
1446 1279 1748 1377 eligenda,
1804 1298 1954 1360 quae
1999 1278 2426 1342 dubitationem
2444 1288 2528 1340 147

258 1361 546 1436 afferunt,
590 1364 867 1426 adhibere
905 1365 1114 1426 doctos
1141 1365 1419 1427 homines
1458 1364 1550 1426 vel
1596 1365 1768 1427 etiam
1800 1384 1913 1427 usu
1943 1365 2167 1446 peritos
2196 1373 2254 1425 et
2284 1365 2425 1446 quid

261 1446 334 1508 iis
376 1448 450 1509 de
492 1467 731 1530 quoque
776 1449 957 1511 officii
987 1468 1209 1528 genere
1237 1450 1468 1531 placeat
1498 1450 1823 1531 exquirere.
1883 1450 2069 1512 Maior
2099 1450 2259 1511 enim
2288 1469 2427 1531 pars

264 1550 335 1593 eo
367 1532 490 1594 fere
520 1534 731 1597 deferri
763 1534 946 1610 solet,
992 1554 1111 1616 quo
1142 1553 1176 1597 a
1206 1546 1415 1598 natura
1452 1535 1578 1617 ipsa
1609 1536 1939 1599 deducitur.
1998 1535 2060 1597 ln
2094 1534 2313 1615 quibus
2339 1535 2427 1595 vi-

156 1621 215 1674 15
257 1617 517 1680 dendum
561 1629 652 1681 est
694 1637 816 1681 non
863 1619 1041 1681 modo
1085 1621 1226 1718 quid
1271 1621 1525 1702 quisque
1566 1620 1876 1702 loquatur,
1922 1621 2022 1682 sed
2067 1620 2239 1683 etiam
2285 1620 2424 1701 quid

260 1702 513 1784 quisque
558 1704 772 1767 sentiat
816 1717 994 1785 atque
1038 1705 1214 1767 etiam
1259 1705 1332 1766 de
1375 1723 1490 1785 qua
1532 1724 1706 1767 causa
1748 1706 2000 1785 quisque
2046 1706 2277 1770 sentiat.
2356 1705 2426 1767 Ut

261 1788 420 1850 enim
451 1788 709 1870 pictores
739 1798 798 1852 ct
837 1789 912 1865 ii,
958 1790 1060 1870 qui
1104 1790 1268 1869 signa
1298 1788 1694 1865 fabricantur,
1745 1799 1802 1852 et
1829 1808 1969 1852 vero
2015 1790 2187 1852 etiam
2218 1798 2427 1871 poetae

260 1891 437 1935 suum
482 1874 732 1956 quisque
772 1893 927 1957 opus
970 1893 1003 1936 a
1031 1875 1208 1955 vulgo
1252 1875 1616 1938 considerari
1648 1875 1801 1951 vult,
1832 1885 1930 1951 ut,
1969 1875 2017 1937 si
2052 1875 2192 1954 quid
2223 1892 2426 1956 repre-

261 1959 517 2020 hensum
549 1959 627 2022 sit
655 1979 687 2022 a
717 1959 1021 2042 pluribuS,
1064 1960 1122 2022 id
1155 1960 1517 2041 corrigatur,
1555 1961 1717 2041 iique
1760 1969 1819 2022 et
1846 1978 2046 2022 secum
2095 1968 2155 2022 et
2185 1959 2259 2021 ab
2298 1960 2427 2021 aliis

160 2046 220 2097 20
264 2042 451 2123 quid
434 2063 495 2106 ιιι
530 2062 600 2106 eo
631 2054 938 2126 peccatum
969 2045 1045 2107 sit
1074 2046 1427 2127 exquirunt,
1473 2046 1558 2108 sic
1602 2046 1855 2109 aliorum
1886 2045 2105 2108 iudicio
2132 2044 2426 2127 permulta
2481 2041 2652 2147 qn}

266 2128 440 2191 nobis
471 2138 531 2191 et
560 2130 824 2194 facienda
858 2139 917 2193 et
948 2150 1071 2194 non
1102 2131 1366 2195 facienda
1399 2140 1457 2194 et
1487 2132 1763 2195 mutanda
1797 2140 1855 2194 et
1887 2131 2234 2228 corrigenda
2268 2138 2407 2192 sunt

436 2212 596 2287 Quae
624 2235 764 2280 vero
793 2234 960 2280 more
998 2225 1249 2297 agentur
1289 2217 1696 2299 institutisque
1725 2216 2027 2292 civilibus,
2072 2216 2190 2280 de
2175 2215 2247 2279 lis
2279 2216 2468 2281 nihi1
2444 2224 2529 2276 148

265 2307 354 2361 est
383 2302 899 2381 praecipiendum:
930 2301 1025 2365 illa
1051 2304 1208 2365 enim
1241 2304 1367 2385 ipsa
1398 2313 1711 2385 praecepta
1742 2312 1902 2378 sunt,
1936 2320 2047 2365 neo
2070 2320 2425 2384 quemquam

263 2385 381 2446 hoc
411 2403 609 2447 errore
639 2387 776 2449 duci
807 2395 1073 2469 oportet,
1106 2397 1191 2464 ut,
1223 2389 1271 2450 si
1303 2389 1444 2469 quid
1478 2388 1751 2452 Socrates
1779 2397 1881 2451 aut
1910 2388 2251 2469 Aristippus
2281 2406 2426 2449 con·

265 2569 611 2638 scharl'sinnig
667 2570 772 2624 und
831 2570 1104 2638 sorgffiltig
1162 2571 1292 2624 sind.

266 2638 488 2691 Desbalb
517 2639 587 2692 ist
617 2639 701 2691 ein
734 2638 1039 2693 Substantiv
1066 2639 1151 2691 bei
1171 2655 1296 2692 acer

268 2712 321 2759 et
342 2706 499 2773 dilig.
523 2707 722 2775 notbig,
747 2707 851 2760 und
876 2722 994 2759 man
1019 2722 1160 2761 muss
1185 2711 1296 2760 ent·

265 2774 442 2827 weder
475 2776 787 2842 annebmen‚
830 2776 950 2829 dass
986 2791 1088 2842 que
1122 2775 1296 2843 einge-

268 2843 497 2896 schoben
528 2843 598 2896 ist
629 2843 753 2897 oder
770 2843 890 2897 dass
908 2859 1003 2897 vor
1022 2844 1293 2896 animadv.

266 2911 352 2963 ein
378 2909 681 2965 Substantiv
705 2912 806 2965 wie
829 2918 1158 2979 spectatores
1181 2927 1296 2965 aus-

267 2978 491 3046 gefallen
525 2980 610 3034 ist.

340 3051 384 3101 1.
421 3047 577 3099 Eoe-
604 3049 1016 3118 superciliorum
1042 3054 1140 3100 ant
1165 3064 1295 3101 rem.

266 3120 364 3165 aut
401 3120 785 3170 contractione.
842 3116 1014 3178 Quint.
1051 3116 1118 3168 XI
1154 3119 1202 3183 3,
1230 3118 1294 3169 79

265 3186 355 3234 ira
389 3187 532 3236 enim
568 3188 888 3250 contractis,
943 3188 1176 3237 tristitia
1210 3185 1297 3235 de-

268 3250 471 3318 ductis,
523 3253 778 3304 hilaritas
822 3256 1060 3304 remissis
1092 3255 1297 3319 (mper-

270 3318 433 3382 oiliis)
470 3321 789 3371 ostenditur.

338 3389 390 3440 4.
422 3403 608 3439 eorum
634 3387 842 3440 bezieht
865 3388 976 3441 sich
991 3389 1082 3442 aus
1093 3404 1295 3455 mag-na

271 3455 494 3509 namlich
543 3472 680 3522 quae
713 3457 870 3519 finnt.
940 3456 1084 3509 Eben
1118 3456 1300 3510 darauf

269 3522 477 3578 bezieht
495 3523 603 3578 sich
631 3523 788 3591 quale
807 3525 989 3591 quida.
1011 3540 1195 3577 eoram
1210 3528 1298 3578 eit.

342 3596 424 3646 11.
455 3593 606 3645 adea
624 3592 890 3659 eligenda,
914 3607 1139 3660 genauer
1153 3593 1299 3646 hatte

272 3659 378 3715 Cic.
414 3666 623 3729 gesagt.
661 3661 735 3714 ad
767 3661 1071 3728 eligendum
1106 3678 1176 3713 σω
1209 3663 1297 3713 iis.

346 3730 425 3782 13.
479 3729 658 3783 Maior
919 3728 1019 3782 Der
1053 3728 1297 3783 Gedanke

271 3801 419 3915 gasat
443 3798 585 3851 nicht
608 3814 695 3852 rec
735 3803 755 3851 t
777 3813 831 3850 ιιι
852 3796 950 3851 den
971 3797 1299 3852 Zusammen·

309 3879 434 3932 ang,
482 3865 546 3918 da
582 3867 679 3919 wir
710 3882 808 3920 uns
843 3865 977 3920 doch
1013 3867 1144 3919 nach
1182 3866 1296 3919 dem

272 3905 437 3986 Rathe
473 3933 563 3986 der
596 3933 930 4002 Gebildeten‚
979 3934 1120 3988 nicht
1166 3934 1296 3987 nach

380 4025 473 4070 Cic.
498 4026 554 4070 de
583 4026 761 4071 officiis.
813 4030 852 4070 5.
883 4028 999 4073 Autl.

1397 2572 1514 2691 deff
1568 2570 1794 2639 Beispiel
1847 2570 1937 2623 der
1989 2569 2174 2639 Menge
2226 2571 2425 2625 ricbten

1397 2656 1458 2693 so
1500 2655 1582 2693 en.

1471 2711 1549 2761 14.
1608 2706 1779 2760 Ueber
1813 2705 1913 2760 den
1949 2704 2287 2758 Unterscbied
2321 2721 2425 2758 von

1398 2774 1605 2837 deferri
1638 2774 1741 2828 und
1767 2775 1962 2827 deduci
1997 2790 2037 2827 Β.
2067 2789 2111 2826 z.
2139 2772 2172 2840 5
2196 2776 2307 2829 105.
2363 2774 2427 2824 In

1399 2846 1594 2911 quibus
1618 2843 1824 2896 beziebt
1844 2843 1952 2896 sich
1974 2841 2065 2896 auf
2083 2845 2265 2893 maior
2277 2858 2425 2909 pars,

1399 2928 1441 2966 s,
1481 2912 1514 2979 ὅ
1543 2914 1639 2965 122
1675 2927 1877 2964 eorum.

1472 2984 1549 3033 17.
1624 2983 1837 3031 ictores.
1881 2979 1983 3035 Cic.
2020 2978 2182 3031 denkt
2217 2993 2281 3031 an
2318 2977 2426 3045 dae,

1399 3063 1510 3102 was
1545 3047 1745 3101 Pinius
1779 3064 1830 3101 n.
1867 3048 1989 3102 hist.
2027 3045 2216 3098 XXXV
2256 3050 2334 3111 10,
2360 3050 2426 3101 36

1397 3133 1501 3170 von
1519 3115 1730 3184 Apelles
1758 3114 1981 3168 erzahlt:
2018 3116 2160 3167 idem
2179 3114 2426 3180 perfecta

1399 3201 1563 3252 opera
1578 3186 1915 3251 proponebat
1932 3186 1991 3234 in
2006 3182 2241 3249 pergula
2252 3186 2428 3234 trans-

1401 3254 1653 3304 euntibus
1687 3256 1852 3318 atquo
1884 3255 1997 3318 ipse
2026 3255 2152 3317 post
2192 3250 2426 3302 tabulam

1400 3321 1572 3373 tatem
1639 3323 1809 3386 vitia,
1880 3335 2015 3385 quae
2082 3322 2426 3386 notarentur,

1399 3388 1744 3441 auscultabat
1777 3388 1997 3454 volgum
2026 3387 2427 3453 diligentiorem

1384 3458 1632 3509 -iudioom
1670 3472 1829 3523 quam
1864 3474 1921 3508 se
1950 3454 2279 3523 praeferens.

1471 3528 1553 3580 22.
1591 3541 1729 3592 quae
1762 3529 2025 3592 agentur.-
2062 3524 2154 3577 das
2180 3524 2426 3578 Futurum

1399 3595 1542 3647 steht
1585 3593 1680 3647 mit
1706 3592 2004 3674 Beziebung
2052 3593 2144 3646 auf
2185 3591 2286 3645 den
2322 3594 2428 3645 ein-

1399 3663 1583 3715 zelnen
1619 3662 1758 3729 Fan,
1807 3663 1898 3716 der
1943 3660 2208 3714 vielleicbt
2243 3662 2428 3714 eintre-

1400 3734 1490 3784 ten
1524 3730 1681 3792 wird;
1717 3702 1821 3798 v’.gl
1861 3731 1894 3798 fi
1919 3733 2015 3784 149
2053 3733 2149 3795 qui
2180 3733 2427 3796 magistr.

1399 3800 1682 3851 habebunt.

1468 3869 1551 3920 24.
1589 3866 1839 3920 Socrates
1873 3866 2024 3919 stand
2050 3867 2191 3920 nicht
2217 3881 2312 3918 nur
2333 3866 2426 3917 mit

1399 3934 1517 3987 dem
1549 3934 1759 3988 antiken
1785 3934 2112 3989 Staatsleben
2151 3935 2202 3987 in
2227 3932 2427 3987 Wider-
