2813 4537
296 444 327 495 8
367 432 603 506 bubilia,
634 444 842 499 contra
871 437 983 499 alia
1012 437 1284 501 dicimus.
1328 436 1486 509 Quid
1515 445 1605 500 est
1630 437 1810 516 igitur
1833 438 1994 519 quod
2016 456 2112 500 me
2132 437 2412 521 impediat
2432 456 2520 514 ea,

371 537 523 600 quae
551 520 878 600 probabilia
907 523 1050 585 mihi
1080 524 1406 598 videnum,
1436 523 1626 605 sequi,
1657 541 1807 605 quae
1834 532 2060 600 contra,
2093 524 2411 606 inprobare
2429 533 2519 587 at-

196 1271 365 1432 N

371 257 493 320 126

981 261 1066 318 DE
1104 261 1367 318 omens
1398 261 1517 317 ΗΒ.
1542 262 1599 318 11.
1670 262 1812 316 CAP.
1837 266 1885 317 2.
1925 266 1971 318 3.

371 622 493 701 que
520 605 865 669 adfirmandi
891 609 1286 688 arrogantiam
1315 609 1596 671 vitantem
1632 609 1838 688 fugere
1866 610 2275 686 temeritatem,
2304 628 2455 692 quae
2480 627 2515 670 a

368 692 657 770 sapientia
699 693 942 756 dissidet
982 692 1350 776 plurimum?
1409 693 1625 757 Contra
1665 704 1864 757 autem
1896 697 2093 766 omnia
2122 695 2457 778 disputatur
2482 714 2516 756 a

369 775 609 849 nostriS,
653 780 812 859 quod
855 780 972 842 hoc
1009 780 1208 862 ipsum
1238 779 1546 862 probabile
1575 779 1809 842 elucere
1853 799 1976 843 non
2021 791 2242 862 posset,
2288 782 2402 843 nisi
2447 799 2518 842 ex

366 868 617 941 utraque
646 874 812 945 parte
843 884 1155 927 causarum
1184 875 1341 928 esset
1378 866 1529 928 facta
1569 866 1895 928 contentio.
1967 866 2083 928 Sed
2127 867 2272 928 baec
2316 866 2516 947 expla-

370 953 507 1006 nata
552 958 690 1011 sunt
733 951 795 1011 in
841 951 1204 1013 Academicis
1247 952 1473 1013 nostris
1515 952 1683 1028 satis,
1739 961 1805 1014 ut
1846 951 2131 1024 arbitror,
2183 951 2515 1032 diligenter.

368 1029 503 1126 Tibi
523 1044 741 1111 autem,
771 1035 853 1096 mi
875 1036 1104 1108 Cicero,
1135 1053 1493 1118 quamquam
1511 1037 1574 1098 in
1598 1037 2007 1119 antiquissima
2032 1037 2516 1118 nobilissimaque

282 1148 293 1151 ·
370 1114 746 1201 philosophia
770 1120 1050 1203 Cratippo
1073 1130 1317 1185 auctore
1346 1123 1616 1197 versaris,
1638 1122 1713 1185 iis
1733 1122 2051 1197 simillimo,
2083 1123 2186 1204 qui
2210 1123 2318 1185 ista
2343 1140 2516 1204 prae-

368 1199 520 1265 clara
551 1215 933 1287 pepererunt,
973 1216 1170 1269 tamen
1215 1208 1361 1269 haec
1390 1217 1594 1271 nostra
1620 1209 1890 1271 finituma
1919 1208 2127 1271 vestris
2154 1208 2358 1289 ignota
2386 1225 2517 1270 esse

368 1284 554 1351 nolui.
613 1291 735 1353 Sed
759 1290 874 1353 iam
902 1292 975 1354 ad
1004 1292 1275 1355 instituta
1305 1311 1639 1374 pergamus.
2119 1312 2124 1317 ·

366 1427 509 1462 Ὢ
542 1376 817 1458 Quinqtte
872 1377 1053 1458 igitur
1106 1378 1438 1440 rationibus
1491 1375 1813 1461 propositis
1863 1379 2044 1441 officii
2101 1378 2515 1462 persequendi,

291 1460 321 1511 9
365 1475 615 1536 quarum
644 1463 795 1524 duae
823 1464 895 1525 ad
925 1464 1108 1526 decus
1135 1465 1623 1547 honestatemque
1650 1464 2039 1547 pertinerent,
2070 1466 2220 1528 duae
2249 1464 2322 1526 ad
2352 1480 2512 1525 com-

366 1549 541 1611 moda
569 1548 741 1626 vjtae,
769 1549 991 1631 copias,
1022 1567 1187 1630 opes,
1219 1549 1542 1626 facultates,
1585 1550 1792 1632 quinta
1820 1551 1891 1613 ad
1924 1550 2180 1631 eligendi
2209 1549 2513 1622 iudicium,

367 1635 417 1697 si
447 1635 683 1716 quando
715 1652 802 1708 ω,
845 1653 996 1715 quae
1024 1635 1164 1710 dixi,
1210 1653 1478 1715 pugnare
1507 1637 1662 1698 inter
1689 1654 1755 1697 se
1789 1636 2150 1711 viderentur,
2190 1634 2515 1697 honestatis

366 1738 506 1802 pars
549 1719 816 1782 confecta
863 1727 981 1795 est,
1038 1738 1212 1801 quam
1272 1722 1512 1801 quidem
1566 1721 1675 1783 tibi
1731 1722 1910 1804 cupio
1956 1740 2083 1784 esse
2130 1720 2513 1783 notissimam.

366 1805 495 1869 Hoc
524 1815 742 1878 autem,
772 1805 845 1867 de
875 1824 993 1885 quo
1025 1824 1189 1867 nunc
1218 1806 1468 1885 agimus»,
1497 1807 1555 1868 id
1587 1807 1782 1889 ipsum
1812 1818 1920 1882 est,
1964 1806 2123 1888 quod
2168 1826 2209 1868 u
2227 1804 2366 1867 tile
2407 1821 2513 1884 ap-

366 1892 637 1975 pellatur.
700 1889 768 1952 In
801 1909 919 1971 quo
949 1891 1131 1952 verbo
1160 1891 1325 1972 lapsa
1355 1894 1726 1954 consuetudo
1753 1892 1987 1954 deflexit
2019 1893 2093 1953 de
2133 1892 2224 1952 via
2266 1888 2515 1952 sensim·

264 2237 320 2289 10

366 1997 481 2061 que
513 1996 583 2039 eo
613 1976 860 2038 deducta
892 1984 999 2052 est,
1043 1984 1110 2037 ut
1147 1977 1522 2038 honestatem
1558 1977 1631 2038 ab
1658 1977 1912 2039 utilitate
1941 1994 2259 2038 secernens
2289 1974 2516 2037 consti-

2560 1218 2618 1270 1ss

2558 1641 2616 1696 15

364 2071 563 2127 tueret
589 2078 718 2124 esse
745 2060 1065 2121 honestum
1093 2059 1336 2141 aliquid,
1369 2062 1528 2142 quod
1555 2061 1698 2124 utile
1729 2080 1852 2123 non
1885 2070 2038 2124 esset
2067 2068 2126 2123 et
2152 2059 2320 2136 utile,
2351 2059 2511 2139 quod
2553 2069 2613 2122 20

367 2168 489 2211 non
532 2148 875 2219 honestum,
920 2164 1036 2225 qua
1072 2144 1235 2207 nulla
1264 2146 1561 2226 pernicies
1586 2145 1775 2208 maior
1803 2147 2116 2208 hominum
2141 2144 2290 2207 vitae
2320 2144 2516 2225 potuit

364 2232 579 2298 afferri.
651 2230 890 2292 Summa
921 2229 1160 2311 quidem
1190 2231 1537 2295 auctoritate
1566 2230 1908 2314 philosophi
1936 2249 2136 2294 severe
2164 2249 2307 2293 sane
2334 2238 2514 2311 atquc

436 2388 480 2437 1.
502 2386 709 2435 contra.
745 2378 818 2433 So
836 2384 957 2447 sagt
967 2380 1070 2434 Cic.
1089 2380 1281 2448 haulis,
1300 2397 1385 2435 wo

365 2471 422 2508 er
452 2452 538 2505 ein
585 2450 685 2502 den

365 2518 631 2581 ‹leswert
653 2517 796 2570 nicht
818 2517 908 2570 bat
943 2517 1068 2571 oder
1090 2517 1385 2571 vermeiden

365 2590 502 2653 wilh
540 2602 581 2640 s.
619 2602 662 2640 z.
698 2586 719 2638 Ι
752 2587 875 2652 §49
904 2586 1051 2652 quod
1083 2592 1273 2639 contra
1306 2587 1386 2650 fit.

432 2662 480 2713 3.
519 2658 905 2707 temeritatem.-
938 2652 1096 2708 Acad.
1132 2654 1174 2707 11
1210 2657 1293 2722 21,
1318 2658 1384 2708 68

364 2742 486 2780 cum
506 2732 615 2778 tam
631 2727 886 2774 vitiosum
904 2739 1014 2777 me
1036 2728 1269 2789 constet,
1305 2739 1388 2774 as-

360 2797 556 2847 sentiri
590 2795 878 2858 quicquam
912 2796 1013 2842 aut
1049 2790 1254 2853 falsum
1288 2797 1389 2842 aut

361 2863 720 2929 incognitum,
751 2860 1068 2911 sumenda
1095 2865 1175 2911 eet
1200 2863 1387 2926 potius

364 2934 536 2984 onmis
568 2930 821 2993 assensio,
854 2943 923 2978 ue
952 2931 1301 2995 praecipitet,
1337 2932 1388 2978 si

364 3007 560 3053 tmere
584 2998 926 3064 praeesset-it.
978 2996 1065 3047 Ita
1097 2998 1241 3047 enim
1260 2997 1386 3060 sim*-

364 3073 496 3123 u‘ma
540 3069 670 3117 sunt
713 3062 860 3124 salsa
907 3067 1049 3115 ver-225
1091 3093 1133 3102 -
1168 3069 1233 3115 ut
1277 3070 1385 3116 tam

358 3137 710 3208 praecipitem
745 3135 807 3184 in
844 3133 1018 3185 locum
1052 3148 1163 3184 non
1199 3133 1389 3184 debeat

360 3226 417 3260 se
449 3208 664 3272 capiens
697 3205 1061 3253 committere.-

421 3279 468 3328 7.
488 3270 930 3324 inAcademieis:
947 3269 1103 3322 Acad.
1117 3268 1158 3321 11
1177 3284 1220 3323 c.
1237 3269 1385 3336 20112,

363 3360 448 3399 wo
479 3341 581 3393 Cic.
619 3338 702 3391 die
725 3337 887 3391 Lelire
921 3337 1012 3390 der
1042 3336 1386 3391 Altademiker

359 3406 686 3473 vertheidigt.

430 3483 480 3536 9.
517 3477 804 3542 Graoeppo:
839 3489 879 3528 s.
914 3474 935 3526 1
971 3475 1005 3543 ᾖ
1032 3478 1076 3528 1.

429 3552 501 3601 iic
552 3543 827 3597 simillimo
837 3581 854 3609 ‚
906 3542 1024 3596 dem
1074 3543 1384 3597 Aristoteles

361 3618 466 3672 und
512 3612 929 3680 Theophrastus3
976 3613 1086 3663 ihre
1122 3612 1281 3664 Lehre
1316 3612 1386 3665 ist

362 3687 444 3739 die
480 3683 638 3737 altere
672 3681 724 3733 in
749 3680 1023 3749 Vergleich
1057 3680 1149 3732 mit
1175 3680 1265 3732 der
1299 3680 1390 3733 auf

360 3752 618 3806 Arcesilas
668 3749 774 3802 und
827 3746 1110 3802 Carneades
1171 3748 1386 3802 zui-tick-

361 3819 629 3890 gelienden
664 3831 887 3871 neueren
925 3816 1222 3870 Alrademie.

310 3894 319 3901 '
433 3893 511 3943 10.
548 3887 802 3950 finituma
837 3888 1055 3938 vesu-is:
1089 3885 1111 3937 l
1146 3887 1247 3951 §2

434 3959 514 4011 12.
551 3952 749 4019 Capitel
785 3957 925 4020 3-6,
962 3956 1028 4006 20
1065 3955 1263 4008 enthiilt
1296 3968 1386 4020 ge-

1489 2384 1874 2437 wissermassen
1928 2382 2042 2435 eine
2093 2384 2280 2434 zweite
2323 2380 2514 2433 Einlei-

720 2447 1009 2515 Gegensatz
1044 2449 1388 2503 ausdn‘icken-
1490 2456 1636 2519 tuns,
1651 2451 1706 2503 in
1718 2450 1944 2503 welcher
1954 2450 2045 2503 der
2056 2450 2223 2503 Inhalt
2235 2449 2327 2504 des
2339 2448 2520 2502 Buchs

1486 2520 1556 2572 im
1593 2518 1933 2586 allgemeinen
1958 2518 2257 2585 angegeben
2290 2518 2397 2571 und
2428 2517 2513 2569 die

1486 2587 1650 2655 Frage
1718 2591 1934 2640 erortert
2002 2587 2132 2639 wird
2146 2627 2159 2653 ,
2230 2601 2340 2639 wer
2395 2586 2511 2639 dem

1485 2654 1764 2777 Mgffichen
1811 2671 1892 2709 am
1935 2656 2156 2708 meisten
2209 2658 2362 2707 niitze
2406 2653 2511 2707 und

1486 2740 1543 2777 sc
1643 2739 1689 2777 e.

1559 2793 1831 2858 Quinque.-
1867 2807 1907 2845 s.
1944 2792 1966 2844 1
1998 2792 2032 2857 ξ
2057 2794 2134 2844 10.

1563 2865 1638 2915 14.
1676 2860 1913 2926 eligendi
1934 2860 2225 2926 iudicium,
2260 2859 2376 2912 eine
2392 2856 2512 2911 Um-

1489 2928 1800 2996 sclireibung·
1832 2928 1914 2980 fiir
1950 2928 2164 2993 οἰκείῳ·
2219 2943 2260 2981 s.
2296 2926 2512 2994 Nfigcls-

1485 2996 1620 3049 bach
1654 2996 1745 3050 lat.
1784 2995 1899 3050 Stil.
1925 3013 1985 3065 ·p.
2029 2999 2142 3051 139.

1561 3068 1638 3118 18.
1677 3066 1742 3117 In
1763 3081 1871 3132 quo
1895 3067 2087 3117 verbo:
2122 3065 2170 3118 d.
2188 3065 2223 3119 i.
2258 3064 2311 3117 in
2335 3061 2512 3128 Baug

1488 3134 1580 3187 auf
1594 3133 1763 3187 dieses
1783 3132 1946 3197 Wort,
1975 3133 2119 3185 nicht
2135 3134 2191 3184 in
2207 3131 2298 3184 der
2314 3129 2512 3182 Beden-

1489 3207 1619 3270 tung
1662 3201 1752 3255 des
1785 3200 1993 3254 Wortes
2040 3201 2231 3266 selba,
2286 3198 2512 3253 sondem

1488 3269 1717 3324 insosem
1750 3269 1842 3322 der
1977 3267 2330 3336 achgebrauch
2366 3268 2512 3332 (con-

1486 3339 1732 3405 suetude)
1764 3337 1848 3390 die
1926 3337 2260 3404 eranlassnng
2294 3350 2357 3388 zu
2391 3333 2508 3386 dem

1487 3407 1702 3460 lin-thum
1738 3406 1972 3474 gegeben
2006 3407 2109 3459 hat.

1484 3478 1638 3596 ΙΙΙ21.
1676 3488 1786 3542 qua
1818 3475 1971 3526 nulla
2001 3476 2269 3541 pernicies
2299 3471 2505 3521 maior.-

1558 3614 1640 3665 22.
1697 3612 1915 3664 Summa
1962 3611 2288 3662 auctoritate
2330 3604 2511 3673 philo·

1486 3683 1659 3748 sophi,
1694 3680 1794 3733 alle
1830 3677 2144 3740 Sokratiker,
2182 3675 2265 3728 die
2301 3672 2510 3754 Stoiker

1488 3743 2381 3871 ῒιῖξεὲἓέἔὲἕῗξῖεοξξὲῃᾶεῗέ
2397 3757 2509 3864 εἰῗίῗ

1489 3889 1648 3954 guten
1666 3885 1761 3938 Diu
1867 3924 1882 3951 ,
1912 3884 2002 3936 der
2018 3881 2262 3949 Tngeud,
2288 3879 2396 3933 und
2409 3878 2508 3931 den

1487 3969 1575 4007 um
1589 3954 1729 4007 ihres
1787 3958 1972 4007 utzens
1982 3950 2158 4004 willen
2178 3948 2511 4003 wunschens·
2535 3990 2540 3995 ,
