2813 4537
379 279 507 342 140

951 283 1036 340 DE
1073 282 1336 337 omens
1372 284 1491 337 ΠΒ.
1528 284 1585 339 11.
1657 283 1799 339 cAP.
1826 288 1873 339 8.
1910 287 1958 338 9.

306 473 310 477 ·
378 475 501 519 non
545 458 797 520 multum
841 456 1071 522 differat
1112 457 1270 520 inter
1311 475 1576 522 summos
1618 466 1679 520 et
1720 457 2048 520 mediocres
2097 456 2282 532 viros,
2338 476 2524 540 aeque

272 553 330 604 31
374 543 642 624 utrisque
671 551 762 605 est
787 544 1217 625 propemodum
1249 544 1661 624 comparanda.
1733 542 1977 605 Honore
2019 552 2077 604 et
2117 542 2303 622 gloria
2334 553 2393 606 et
2421 544 2524 606 be-

379 629 709 691 nevolentia
752 628 964 691 civium
1006 628 1257 689 fortasse
1297 645 1422 689 non
1463 646 1652 709 aeque
1681 646 1890 690 omnes
1919 636 2129 708 egent,
2174 629 2275 690 sed
2306 638 2523 705 tamen,

378 713 428 774 si
471 714 568 775 cui
608 717 756 777 haec
795 722 1153 795 suppetunt,
1197 712 1475 775 adiuvant
1510 713 1874 794 aliquantum
1906 731 2042 775 cum
2072 714 2145 775 ad
2174 725 2367 776 cetera
2398 723 2522 777 tum

376 799 447 860 ad
476 799 763 862 amicitias
788 799 1228 879 comparandas.

553 884 668 948 Sed
697 885 771 947 de
806 884 1060 946 amicitia
1099 883 1215 945 alio
1257 882 1418 944 libro
1450 881 1672 946 dictum
1714 893 1804 945 est
1842 883 1968 964 [qui
2008 883 2350 946 inscribitur
2375 883 2525 946 Lae-

373 971 533 1049 lius}.
576 971 750 1033 Nunc
776 970 1041 1032 dicamus
1068 969 1144 1030 de
1172 968 1424 1048 gloria
1442 1013 1459 1044 ‚
1489 985 1846 1049 quamquam
1871 987 1937 1031 ea
1960 987 2200 1050 quoque
2219 969 2293 1031 de
2314 987 2381 1030 re
2404 970 2523 1031 duo

376 1067 518 1120 sunt
561 1055 753 1119 nostri
776 1054 955 1129 ,libn‘‚
997 1054 1098 1115 sed
1143 1054 1531 1133 attingamus,
1573 1055 1812 1135 quando
1856 1054 2093 1135 quidem
2137 1071 2201 1116 ea
2244 1054 2306 1115 in
2343 1053 2525 1117 rebus

379 1143 702 1205 maioribus
741 1139 1218 1202 administrandis
1261 1138 1491 1200 adiuvat
1535 1139 1877 1219 plurimum.
1954 1139 2194 1201 Summa
2239 1139 2424 1219 igitur
2465 1149 2523 1202 et

376 1229 639 1309 perfecta
669 1225 854 1305 gloria
884 1233 1118 1287 constat
1146 1242 1217 1285 ex
1246 1223 1441 1286 trihus
1461 1211 1669 1286 histlsi
1691 1225 1885 1304 diligit
1905 1225 2245 1299 multitudo,
2274 1226 2323 1287 si
2346 1227 2522 1287 fidem

374 1312 584 1385 habet,
629 1313 679 1374 si
719 1329 855 1373 cum
896 1310 1281 1371 admiratione
1323 1310 1573 1390 quadam
1604 1310 1834 1372 honore
1862 1309 2076 1389 dignos
2105 1319 2292 1390 putat.
2364 1311 2524 1373 Haec

377 1407 608 1468 autem,
653 1395 703 1458 si
750 1404 840 1457 est
882 1394 1226 1475 simpliciter
1268 1393 1640 1475 breviterque
1683 1394 2032 1470 dicendum,
2084 1395 2301 1475 quibus
2344 1394 2566 1458 rebus'

375 1483 694 1564 pariuntur
738 1500 770 1542 a
816 1480 1100 1560 singulis,
1146 1478 1366 1540 eisdem
1409 1480 1533 1540 fere
1572 1498 1605 1540 a
1650 1479 2046 1541 multitudine.
2108 1479 2223 1542 Sed
2255 1490 2345 1543 cst
2372 1480 2524 1543 alius

378 1587 617 1649 quoqne
646 1566 884 1647 qnidam
912 1566 1104 1627 aditus
1135 1566 1207 1626 ad
1249 1563 1719 1639 multitudinem,
1768 1575 1835 1627 ut
1862 1566 1922 1626 in
1955 1565 2379 1630 universorum
2395 1566 2524 1627 ani·

376 1671 508 1715 mos
550 1663 847 1732 tamquam
891 1651 1142 1712 influere
1187 1650 1502 1729 possimus.
1591 1651 1676 1712 Ac
1718 1650 1977 1730 primum
2024 1651 2097 1713 de
2147 1650 2264 1713 illis
2312 1650 2525 1726 tribus,

375 1758 528 1820 quae
556 1748 693 1800 ante
723 1735 875 1809 dixi,
918 1735 1360 1798 benevolentiae
1388 1744 1703 1816 praecepta
1731 1737 2063 1811 videamuS‚
2105 1755 2259 1816 quae
2287 1736 2522 1817 quidem

448 1926 492 1975 1.
559 1937 727 1987 aeque
788 1924 1035 1986 utrisque
1074 1936 1237 1986 prop.
1305 1919 1400 1972 Die

375 1989 735 2043 construction
763 1989 834 2041 ist
863 1991 993 2040 haec
1019 1991 1162 2039 enim
1184 2004 1296 2039 una
1313 2003 1401 2039 res

368 2074 597 2127 prorsus
620 2057 986 2123 comparanda
1005 2061 1098 2121 eat,
1117 2071 1399 2122 propemo-

374 2126 502 2179 dum
537 2141 704 2191 aeque
744 2129 1005 2190 utrisque.
1068 2139 1296 2190 prorsus
1329 2123 1399 2174 ist

374 2193 487 2246 eine
522 2191 752 2244 Partikel
796 2190 884 2243 der
919 2191 1250 2257 Betheurung
1296 2191 1397 2243 wie

374 2262 427 2314 in
494 2278 723 2329 prorsus
779 2277 930 2313 nemo
944 2298 960 2325 ‚
1022 2262 1102 2311 ita
1153 2276 1397 2327 prorsus.

372 2347 485 2382 una
536 2329 680 2382 dient
726 2329 828 2380 wie
873 2327 1050 2395 hfiufig
1089 2328 1175 2380 hei
1210 2327 1399 2396 Super-

371 2399 566 2452 lativen
603 2397 702 2450 den
726 2396 925 2464 Begriff
952 2396 1396 2458 hervorznhebem

373 2482 416 2520 s,
453 2483 514 2519 zu
563 2465 627 2518 111
660 2466 694 2532 ξ
730 2468 797 2519 26
844 2480 976 2531 ergo
1028 2481 1197 2517 unum
1251 2465 1403 2517 debet

374 2548 482 2586 esse
516 2536 761 2594 omnibus
786 2537 1142 2601 propositum.

372 2606 646 2723 dum
669 2602 1277 2724 mmm&
1312 2599 1399 2749 ξε

371 2738 934 2873 waraei?
972 2740 1081 2859 {aas
1112 2739 1273 2859 ἐξίει
1309 2736 1397 2861 tr

907 2845 922 2871 ,
1374 2848 1375 2851 ,

371 2874 533 2927 durch
562 2875 640 2927 als
657 2874 849 2927 unacht
876 2890 941 2927 zu
966 2873 1250 2938 erkennen‚
1275 2874 1396 2926 weil

372 2942 472 2995 Cic.
489 2982 503 3008 ,
556 2941 737 2995 wollte
789 2958 846 2994 er
896 2942 1045 2995 einen
1080 2941 1396 2995 Relativsatz

372 3010 550 3077 folgen
584 3010 782 3078 lassen,
832 3013 896 3061 in
940 3026 1001 3061 eo
1037 3011 1202 3077 libro,
1254 3009 1397 3061 nicht

372 3081 433 3129 in
456 3079 568 3130 alio
603 3078 938 3145 geschrieben
974 3079 1143 3139 hatte3
1170 3077 1285 3145 ,νεὶ
1311 3076 1395 3145 §6

374 3147 483 3200 alio
521 3147 753 3213 quodam
778 3147 915 3198 libro
951 3146 1053 3199 und
1091 3145 1124 3212 ξ
1144 3149 1209 3199 60
1244 3150 1305 3197 in
1327 3148 1399 3197 iis

375 3215 544 3282 libris,
579 3231 712 3281 quos
746 3216 813 3267 de
844 3232 908 3267 re
937 3215 1156 3281 publica
1183 3217 1396 3281 scripti.

442 3289 490 3337 ’7.
545 3285 612 3336 de
656 3284 861 3350 gloria.
949 3282 1064 3336 Von
1117 3281 1208 3335 der
1261 3282 1294 3350 ἦ
1329 3285 1391 3335 21

373 3351 737 3419 ausgestellten
763 3351 1118 3418 Eintheilung,
1157 3350 1278 3404 dass
1313 3350 1396 3404 die

370 3419 649 3473 Menschen
684 3420 819 3472 dann
853 3420 1063 3487 geneigt
1094 3419 1210 3472 sind
1243 3434 1398 3473 unser

370 3487 529 3541 Wohl
555 3504 619 3540 zu
645 3488 879 3554 sordem,
919 3501 1070 3540 wenn
1097 3488 1172 3540 sie
1198 3503 1295 3540 uns
1319 3487 1398 3539 ihr

371 3556 853 3621 Wohlwollen‚
907 3557 1018 3609 ihre
1064 3555 1400 3609 Hochach-

371 3630 535 3693 tung
566 3624 673 3678 und
705 3624 785 3679 ihr
813 3624 1183 3677 Vetti-auen
1217 3624 1400 3677 schen-

373 3692 504 3760 ken,
540 3693 733 3746 weicht
767 3693 870 3746 Cic.
909 3693 1017 3747 hier
1050 3692 1278 3758 insofern
1315 3692 1397 3758 ab,

373 3760 450 3813 als
486 3776 541 3812 er
575 3761 718 3814 diese
752 3761 863 3814 drei
892 3759 1115 3829 Begriffe
1150 3760 1265 3813 dem
1301 3759 1400 3813 Be-

434 3828 520 3881 'ss'e
554 3828 720 3882 Ruhm
766 3829 1130 3891 unterordnet‚
1177 3828 1268 3882 der
1311 3827 1404 3881 auf

454 3896 823 3949 ohlwollen
875 3899 908 3963 5
961 3900 1057 3962 32,
1114 3896 1398 3951 Vertmnen

375 3966 574 4031 33-35,
606 3963 976 4032 Bochachtung
994 3968 1171 4019 36-38
1198 3965 1397 4018 beruht.

1501 1918 1671 1973 Ueber
1722 1920 1815 1972 das
1862 1920 2235 1985 Wohlwollen,
2289 1920 2526 1972 wort‘iber

1502 1987 1640 2040 oben
1672 1989 1833 2042 sehon
1856 1988 1925 2040 im
1952 1989 2291 2055 allgemeinen
2316 2003 2527 2055 gespro-

1503 2056 1632 2108 chen
1668 2057 1764 2118 ist,
1800 2062 1995 2109 musste
2032 2057 2189 2108 daher
2223 2056 2334 2107 hier
2369 2056 2528 2107 noch-

1503 2123 1632 2175 mals
1661 2124 1731 2174 im
1761 2124 2080 2177 besonderen
2100 2123 2376 2191 gehandelt
2392 2138 2525 2175 wer-

1502 2191 1617 2244 den.
1674 2191 1789 2243 Ane
1820 2191 1926 2243 drei
1951 2191 2131 2244 Theile
2163 2191 2373 2245 erwirbt
2403 2206 2524 2243 man

1503 2259 1613 2312 sich
1648 2259 1806 2313 durch
1843 2259 2224 2329 Gerechtigkeit
2249 2261 2282 2327 ξ
2304 2262 2530 2314 38-45.,

1500 2328 1692 2380 Darauf
1757 2328 1830 2381 fol
1867 2342 1931 2381 en
2002 2328 2523 2383 Einzelvorschristen

1498 2398 1628 2449 iiber
1680 2397 1763 2449 die
1859 2397 2131 2464 rwerbung
2186 2398 2278 2450 des
2329 2396 2523 2449 Ruhms

1501 2464 1657 2517 durch
1693 2464 2054 2532 Kriegsthaten
2092 2468 2125 2528 ξ
2151 2470 2234 2531 45,
2270 2465 2368 2517 den
2404 2464 2524 2517 Um-

1501 2548 1565 2653 {a
1572 2547 1639 2600 ng
1655 2534 1749 2586 mit
1761 2534 2064 2586 berfihmten
2074 2532 2317 2587 Mannern
2331 2532 2364 2600 ξ
2375 2536 2442 2586 46
2452 2531 2524 2600 fil,

1546 2601 1887 2655 eredsamkeit
1922 2603 2171 2669 §48-51.

1571 2670 1679 2721 duo
1708 2675 1838 2721 sunt
1858 2674 2037 2721 nostri
2059 2670 2205 2721 libri.
2247 2669 2400 2722 Diese
2421 2668 2526 2721 sol·

1500 2738 1633 2859 herke
1620 2739 1753 2790 noch
1789 2754 1855 2790 zu
1889 2737 2155 2791 Petrai-cas
2179 2738 2290 2790 Zeit
2325 2736 2527 2790 existirt

1537 2821 1566 2857 a
1636 2822 1684 2859 n.

1572 2894 1649 2943 10.
1705 2895 1915 2942 constat
1959 2908 2030 2942 ex
2080 2893 2251 2942 tribus
2302 2892 2410 2955 llis,
2455 2889 2525 2940 ist

1499 2963 1650 3011 unter
1683 2958 1961 3025 folgenden
2007 2958 2114 3012 drei
2153 2957 2523 3025 Bedingungen

1498 3026 1810 3079 vorhanden.

1573 3115 1651 3165 13.
1702 3114 2001 3178 pariuntur
2047 3128 2081 3163 a
2124 3111 2386 3177 simlia,
2436 3109 2523 3162 bei

1500 3179 1598 3232 den
1633 3179 1927 3234 Einzelnen.
1986 3178 2099 3233 Ter.
2136 3179 2262 3232 Eun.
2298 3178 2360 3229 111
2396 3182 2452 3244 5,
2490 3180 2522 3231 9

1500 3249 1658 3300 adibo
1694 3253 1855 3315 atque
1889 3251 1954 3300 ab
1993 3264 2052 3299 eo
2083 3250 2329 3315 gratiam
2365 3248 2524 3313 hano,

1501 3332 1661 3383 quam
1685 3316 1840 3369 video
1865 3316 2012 3383 velle,
2036 3319 2202 3369 inibo.
2242 3315 2335 3368 Die
2360 3315 2524 3367 Zwei-

1501 3383 1804 3452 deutigkeit‚
1841 3385 1923 3438 die
1958 3385 2010 3436 in
2048 3385 2241 3438 diesem
2277 3386 2342 3436 ab
2376 3383 2522 3450 negt,

1498 3453 1568 3505 ist
1603 3453 1913 3505 namentlich
1947 3453 2033 3505 hei
2069 3454 2401 3520 exspectari,
2436 3454 2527 3503 ab·

1500 3521 1651 3588 duci,
1688 3525 1793 3573 emi
1825 3524 1891 3573 ab
1928 3521 2112 3587 aliquo
2151 3519 2340 3587 hfiufig.

1570 3607 1711 3658 alius
1745 3623 1954 3673 quoqne
1977 3606 2196 3675 quidam
2221 3606 2402 3657 aditus
2434 3603 2526 3656 be-

1501 3674 1639 3726 zieht
1673 3674 1782 3726 sich
1819 3676 1910 3729 auf
1955 3677 2037 3729 die
2074 3674 2107 3742 ἦ
2143 3679 2207 3729 45
2247 3671 2522 3740 folgenden

1501 3742 1835 3811 specielleren
1871 3743 2239 3798 Vorschristen.

1575 3831 1654 3882 16.
1691 3826 2088 3878 benevolentiae
2101 3822 2399 3893 praecepta
2422 3823 2470 3877 d.
2489 3824 2524 3876 i.

1497 3911 1583 3962 pr.
1646 3894 2045 3947 benevolentiae
2115 3893 2526 3962 comparandae.

1502 3963 1535 4031 ἦ
1552 3965 1618 4018 86
1654 3964 1913 4016 utilitum
1937 3968 2251 4029 praecepta.

2567 1232 2625 1286 lo

2569 1660 2626 1711 15
