<?xml version="1.0" encoding="UTF-8"?>
<!DOCTYPE html PUBLIC "-//W3C//DTD XHTML 1.0 Transitional//EN"
    "http://www.w3.org/TR/xhtml1/DTD/xhtml1-transitional.dtd">
<html xmlns="http://www.w3.org/1999/xhtml" xml:lang="en" lang="en">
 <head>
  <title>
</title>
<meta http-equiv="Content-Type" content="text/html;charset=utf-8" />
  <meta name='ocr-system' content='tesseract 3.04.00' />
  <meta name='ocr-capabilities' content='ocr_page ocr_carea ocr_par ocr_line ocrx_word'/>
</head>
<body>
  <div class='ocr_page' id='page_1' title='image "./mtulliiciceroni01heingoog_0072.png"; bbox 0 0 2813 4537; ppageno 0'>
   <div class='ocr_carea' id='block_1_1' title="bbox 311 1643 367 1694">
    <p class='ocr_par' dir='ltr' id='par_1_1' title="bbox 311 1643 367 1694">
     <span class='ocr_line' id='line_1_1' title="bbox 311 1643 367 1694; baseline 0.018 -1"><span class='ocrx_word' id='word_1_1' title='bbox 311 1643 367 1694; x_wconf 85' lang='lat'>61</span> 
     </span>
    </p>
   </div>
   <div class='ocr_carea' id='block_1_2' title="bbox 415 262 1955 330">
    <p class='ocr_par' dir='ltr' id='par_1_2' title="bbox 415 262 1955 330">
     <span class='ocr_line' id='line_1_2' title="bbox 415 262 1955 330; baseline -0.008 0"><span class='ocrx_word' id='word_1_2' title='bbox 415 266 498 330; x_wconf 87' lang='grc'>66</span> <span class='ocrx_word' id='word_1_3' title='bbox 852 274 859 281; x_wconf 84' lang='grc'><strong><em>’</em></strong></span> <span class='ocrx_word' id='word_1_4' title='bbox 1047 262 1131 319; x_wconf 81' lang='lat' dir='ltr'>DE</span> <span class='ocrx_word' id='word_1_5' title='bbox 1168 265 1430 320; x_wconf 83' lang='lat' dir='ltr'>OFFICIIS</span> <span class='ocrx_word' id='word_1_6' title='bbox 1467 265 1583 319; x_wconf 87' lang='lat' dir='ltr'>LIB.</span> <span class='ocrx_word' id='word_1_7' title='bbox 1601 263 1638 318; x_wconf 87' lang='lat'>1.</span> <span class='ocrx_word' id='word_1_8' title='bbox 1710 263 1853 317; x_wconf 78' lang='lat' dir='ltr'>GAP.</span> <span class='ocrx_word' id='word_1_9' title='bbox 1877 266 1955 317; x_wconf 83' lang='lat'>18.</span> 
     </span>
    </p>
   </div>
   <div class='ocr_carea' id='block_1_3' title="bbox 411 436 2574 1803">
    <p class='ocr_par' dir='ltr' id='par_1_3' title="bbox 411 436 2574 1803">
     <span class='ocr_line' id='line_1_3' title="bbox 417 436 2574 526; baseline -0.004 -18"><span class='ocrx_word' id='word_1_10' title='bbox 417 463 593 526; x_wconf 84' lang='lat' dir='ltr'>quam</span> <span class='ocrx_word' id='word_1_11' title='bbox 636 442 767 506; x_wconf 92' lang='lat' dir='ltr'>aliis</span> <span class='ocrx_word' id='word_1_12' title='bbox 808 443 1165 514; x_wconf 82' lang='lat' dir='ltr'>debeantur,</span> <span class='ocrx_word' id='word_1_13' title='bbox 1210 449 1277 503; x_wconf 91' lang='lat' dir='ltr'>ut</span> <span class='ocrx_word' id='word_1_14' title='bbox 1317 438 1577 501; x_wconf 85' lang='lat' dir='ltr'>vicinum</span> <span class='ocrx_word' id='word_1_15' title='bbox 1621 436 1798 500; x_wconf 89' lang='lat' dir='ltr'>citius</span> <span class='ocrx_word' id='word_1_16' title='bbox 1839 437 2132 499; x_wconf 87' lang='lat' dir='ltr'>adiuveris</span> <span class='ocrx_word' id='word_1_17' title='bbox 2174 437 2238 499; x_wconf 89' lang='lat' dir='ltr'>in</span> <span class='ocrx_word' id='word_1_18' title='bbox 2282 436 2574 500; x_wconf 86' lang='lat' dir='ltr'>fructibus</span> 
     </span>
     <span class='ocr_line' id='line_1_4' title="bbox 412 522 2571 612; baseline -0.004 -21"><span class='ocrx_word' id='word_1_19' title='bbox 412 529 815 612; x_wconf 78' lang='lat' dir='ltr'>percipiendis</span> <span class='ocrx_word' id='word_1_20' title='bbox 845 546 1021 610; x_wconf 90' lang='lat' dir='ltr'>quam</span> <span class='ocrx_word' id='word_1_21' title='bbox 1050 534 1151 590; x_wconf 83' lang='lat' dir='ltr'>aut</span> <span class='ocrx_word' id='word_1_22' title='bbox 1177 527 1417 589; x_wconf 78' lang='lat' dir='ltr'>fratrem</span> <span class='ocrx_word' id='word_1_23' title='bbox 1447 533 1550 588; x_wconf 86' lang='lat' dir='ltr'>aut</span> <span class='ocrx_word' id='word_1_24' title='bbox 1577 523 1920 585; x_wconf 79' lang='lat' dir='ltr'>familiarem</span> <span class='ocrx_word' id='word_1_25' title='bbox 1938 569 1955 599; x_wconf 89' lang='lat'>,</span> <span class='ocrx_word' id='word_1_26' title='bbox 1990 523 2127 608; x_wconf 85' lang='lat' dir='ltr'>atsi</span> <span class='ocrx_word' id='word_1_27' title='bbox 2156 522 2231 585; x_wconf 90' lang='lat' dir='ltr'>lis</span> <span class='ocrx_word' id='word_1_28' title='bbox 2260 522 2323 584; x_wconf 90' lang='lat' dir='ltr'>in</span> <span class='ocrx_word' id='word_1_29' title='bbox 2352 523 2571 587; x_wconf 86' lang='lat' dir='ltr'>iudicio</span> 
     </span>
     <span class='ocr_line' id='line_1_5' title="bbox 416 608 2570 696; baseline -0.003 -20"><span class='ocrx_word' id='word_1_30' title='bbox 416 615 526 692; x_wconf 89' lang='lat' dir='ltr'>sit,</span> <span class='ocrx_word' id='word_1_31' title='bbox 586 614 995 696; x_wconf 87' lang='lat' dir='ltr'>propinquum</span> <span class='ocrx_word' id='word_1_32' title='bbox 1036 613 1237 695; x_wconf 92' lang='lat' dir='ltr'>potius</span> <span class='ocrx_word' id='word_1_33' title='bbox 1279 620 1338 674; x_wconf 89' lang='lat' dir='ltr'>et</span> <span class='ocrx_word' id='word_1_34' title='bbox 1391 611 1648 672; x_wconf 89' lang='lat' dir='ltr'>amicum</span> <span class='ocrx_word' id='word_1_35' title='bbox 1700 626 1877 692; x_wconf 87' lang='lat' dir='ltr'>quam</span> <span class='ocrx_word' id='word_1_36' title='bbox 1918 609 2178 671; x_wconf 85' lang='lat' dir='ltr'>vicinum</span> <span class='ocrx_word' id='word_1_37' title='bbox 2218 608 2570 673; x_wconf 69' lang='lat' dir='ltr'>defenderis.</span> 
     </span>
     <span class='ocr_line' id='line_1_6' title="bbox 414 694 2572 779; baseline -0.003 -18"><span class='ocrx_word' id='word_1_38' title='bbox 414 701 576 763; x_wconf 87' lang='lat' dir='ltr'>Haec</span> <span class='ocrx_word' id='word_1_39' title='bbox 604 700 785 779; x_wconf 89' lang='lat' dir='ltr'>igitur</span> <span class='ocrx_word' id='word_1_40' title='bbox 815 709 875 762; x_wconf 89' lang='lat' dir='ltr'>et</span> <span class='ocrx_word' id='word_1_41' title='bbox 903 699 1041 761; x_wconf 87' lang='lat' dir='ltr'>talia</span> <span class='ocrx_word' id='word_1_42' title='bbox 1071 696 1598 778; x_wconf 87' lang='lat' dir='ltr'>circumspicienda</span> <span class='ocrx_word' id='word_1_43' title='bbox 1627 703 1768 757; x_wconf 91' lang='lat' dir='ltr'>sunt</span> <span class='ocrx_word' id='word_1_44' title='bbox 1797 694 1860 756; x_wconf 89' lang='lat' dir='ltr'>in</span> <span class='ocrx_word' id='word_1_45' title='bbox 1889 695 2056 756; x_wconf 89' lang='lat' dir='ltr'>omni</span> <span class='ocrx_word' id='word_1_46' title='bbox 2086 695 2283 758; x_wconf 85' lang='lat' dir='ltr'>officio</span> <span class='ocrx_word' id='word_1_47' title='bbox 2315 695 2396 773; x_wconf 90' lang='lat' dir='ltr'>[et</span> <span class='ocrx_word' id='word_1_48' title='bbox 2424 712 2572 756; x_wconf 89' lang='lat' dir='ltr'>con-</span> 
     </span>
     <span class='ocr_line' id='line_1_7' title="bbox 413 780 2571 866; baseline -0.004 -17"><span class='ocrx_word' id='word_1_49' title='bbox 413 786 666 849; x_wconf 90' lang='lat' dir='ltr'>suetudo</span> <span class='ocrx_word' id='word_1_50' title='bbox 689 783 1148 866; x_wconf 79' lang='lat' dir='ltr'>exercitatioque</span> <span class='ocrx_word' id='word_1_51' title='bbox 1168 782 1497 864; x_wconf 83' lang='lat' dir='ltr'>capienda],</span> <span class='ocrx_word' id='word_1_52' title='bbox 1518 789 1585 843; x_wconf 89' lang='lat' dir='ltr'>ut</span> <span class='ocrx_word' id='word_1_53' title='bbox 1604 781 1748 843; x_wconf 91' lang='lat' dir='ltr'>boni</span> <span class='ocrx_word' id='word_1_54' title='bbox 1770 780 2217 843; x_wconf 76' lang='lat' dir='ltr'>ratiocinatores</span> <span class='ocrx_word' id='word_1_55' title='bbox 2236 780 2571 842; x_wconf 75' lang='lat' dir='ltr'>officiorum</span> 
     </span>
     <span class='ocr_line' id='line_1_8' title="bbox 414 866 2570 953; baseline -0.003 -19"><span class='ocrx_word' id='word_1_56' title='bbox 414 889 545 934; x_wconf 87' lang='lat' dir='ltr'>esse</span> <span class='ocrx_word' id='word_1_57' title='bbox 564 871 861 953; x_wconf 87' lang='lat' dir='ltr'>possimus</span> <span class='ocrx_word' id='word_1_58' title='bbox 891 879 949 932; x_wconf 92' lang='lat' dir='ltr'>et</span> <span class='ocrx_word' id='word_1_59' title='bbox 969 868 1236 932; x_wconf 90' lang='lat' dir='ltr'>addendo</span> <span class='ocrx_word' id='word_1_60' title='bbox 1260 867 1727 949; x_wconf 90' lang='lat' dir='ltr'>deducendoque</span> <span class='ocrx_word' id='word_1_61' title='bbox 1747 866 1966 940; x_wconf 84' lang='lat' dir='ltr'>videre,</span> <span class='ocrx_word' id='word_1_62' title='bbox 1997 885 2149 948; x_wconf 89' lang='lat' dir='ltr'>quae</span> <span class='ocrx_word' id='word_1_63' title='bbox 2169 866 2383 947; x_wconf 88' lang='lat' dir='ltr'>reliqui</span> <span class='ocrx_word' id='word_1_64' title='bbox 2407 883 2570 927; x_wconf 87' lang='lat' dir='ltr'>sum-</span> 
     </span>
     <span class='ocr_line' id='line_1_9' title="bbox 411 950 2571 1037; baseline -0.002 -19"><span class='ocrx_word' id='word_1_65' title='bbox 411 974 511 1019; x_wconf 89' lang='lat' dir='ltr'>ma</span> <span class='ocrx_word' id='word_1_66' title='bbox 538 957 670 1020; x_wconf 85' lang='lat' dir='ltr'>flat:</span> <span class='ocrx_word' id='word_1_67' title='bbox 703 975 774 1018; x_wconf 85' lang='lat' dir='ltr'>ex</span> <span class='ocrx_word' id='word_1_68' title='bbox 804 974 944 1037; x_wconf 86' lang='lat' dir='ltr'>quo,</span> <span class='ocrx_word' id='word_1_69' title='bbox 975 963 1260 1036; x_wconf 87' lang='lat' dir='ltr'>quantum</span> <span class='ocrx_word' id='word_1_70' title='bbox 1283 953 1501 1034; x_wconf 89' lang='lat' dir='ltr'>cuique</span> <span class='ocrx_word' id='word_1_71' title='bbox 1523 951 1822 1026; x_wconf 84' lang='lat' dir='ltr'>debeatur,</span> <span class='ocrx_word' id='word_1_72' title='bbox 1852 951 2177 1031; x_wconf 84' lang='lat' dir='ltr'>intellegas.</span> <span class='ocrx_word' id='word_1_73' title='bbox 2232 950 2348 1036; x_wconf 66' lang='lat' dir='ltr'>§ed</span> <span class='ocrx_word' id='word_1_74' title='bbox 2371 959 2436 1013; x_wconf 89' lang='lat' dir='ltr'>ut</span> <span class='ocrx_word' id='word_1_75' title='bbox 2458 970 2571 1014; x_wconf 89' lang='lat' dir='ltr'>nec</span> 
     </span>
     <span class='ocr_line' id='line_1_10' title="bbox 416 1037 2571 1138; baseline -0.002 -34"><span class='ocrx_word' id='word_1_76' title='bbox 416 1041 628 1104; x_wconf 90' lang='lat' dir='ltr'>medici</span> <span class='ocrx_word' id='word_1_77' title='bbox 673 1059 782 1103; x_wconf 93' lang='lat' dir='ltr'>nec</span> <span class='ocrx_word' id='word_1_78' title='bbox 826 1043 1213 1121; x_wconf 89' lang='lat' dir='ltr'>imperatores</span> <span class='ocrx_word' id='word_1_79' title='bbox 1254 1057 1365 1101; x_wconf 89' lang='lat' dir='ltr'>nec</span> <span class='ocrx_word' id='word_1_80' title='bbox 1408 1047 1702 1114; x_wconf 87' lang='lat' dir='ltr'>oratores,</span> <span class='ocrx_word' id='word_1_81' title='bbox 1757 1037 2020 1119; x_wconf 80' lang='lat' dir='ltr'>quamvis</span> <span class='ocrx_word' id='word_1_82' title='bbox 2071 1037 2212 1138; x_wconf 54' lang='lat' dir='ltr'>aijstis</span> <span class='ocrx_word' id='word_1_83' title='bbox 2255 1045 2571 1119; x_wconf 89' lang='lat' dir='ltr'>praecepta</span> 
     </span>
     <span class='ocr_line' id='line_1_11' title="bbox 415 1122 2570 1209; baseline -0.003 -20"><span class='ocrx_word' id='word_1_84' title='bbox 415 1126 822 1209; x_wconf 82' lang='lat' dir='ltr'>perceperint,</span> <span class='ocrx_word' id='word_1_85' title='bbox 867 1125 1182 1206; x_wconf 88' lang='lat' dir='ltr'>quicquam</span> <span class='ocrx_word' id='word_1_86' title='bbox 1208 1141 1423 1204; x_wconf 87' lang='lat' dir='ltr'>magna</span> <span class='ocrx_word' id='word_1_87' title='bbox 1450 1123 1623 1186; x_wconf 88' lang='lat' dir='ltr'>laude</span> <span class='ocrx_word' id='word_1_88' title='bbox 1653 1122 2060 1203; x_wconf 48' lang='lat' dir='ltr'>dignum‘sine</span> <span class='ocrx_word' id='word_1_89' title='bbox 2104 1141 2216 1184; x_wconf 90' lang='lat' dir='ltr'>usu</span> <span class='ocrx_word' id='word_1_90' title='bbox 2260 1131 2318 1184; x_wconf 88' lang='lat' dir='ltr'>et</span> <span class='ocrx_word' id='word_1_91' title='bbox 2348 1122 2570 1183; x_wconf 88' lang='lat' dir='ltr'>exerci-</span> 
     </span>
     <span class='ocr_line' id='line_1_12' title="bbox 415 1207 2571 1291; baseline -0.002 -17"><span class='ocrx_word' id='word_1_92' title='bbox 415 1211 641 1275; x_wconf 86' lang='lat' dir='ltr'>tatione</span> <span class='ocrx_word' id='word_1_93' title='bbox 671 1211 957 1291; x_wconf 87' lang='lat' dir='ltr'>consequi</span> <span class='ocrx_word' id='word_1_94' title='bbox 998 1218 1285 1291; x_wconf 86' lang='lat' dir='ltr'>possunt,</span> <span class='ocrx_word' id='word_1_95' title='bbox 1327 1210 1416 1271; x_wconf 85' lang='lat' dir='ltr'>sic</span> <span class='ocrx_word' id='word_1_96' title='bbox 1461 1207 1641 1271; x_wconf 76' lang='lat' dir='ltr'>officii</span> <span class='ocrx_word' id='word_1_97' title='bbox 1684 1207 2071 1271; x_wconf 88' lang='lat' dir='ltr'>conservandi</span> <span class='ocrx_word' id='word_1_98' title='bbox 2108 1207 2423 1289; x_wconf 84' lang='lat' dir='ltr'>praecepta</span> <span class='ocrx_word' id='word_1_99' title='bbox 2454 1215 2571 1270; x_wconf 81' lang='lat' dir='ltr'>tra-</span> 
     </span>
     <span class='ocr_line' id='line_1_13' title="bbox 414 1293 2571 1377; baseline -0.002 -18"><span class='ocrx_word' id='word_1_100' title='bbox 414 1298 638 1359; x_wconf 85' lang='lat' dir='ltr'>duntur</span> <span class='ocrx_word' id='word_1_101' title='bbox 666 1295 763 1358; x_wconf 90' lang='lat' dir='ltr'>illa</span> <span class='ocrx_word' id='word_1_102' title='bbox 788 1296 1046 1377; x_wconf 89' lang='lat' dir='ltr'>quidem,</span> <span class='ocrx_word' id='word_1_103' title='bbox 1077 1304 1144 1359; x_wconf 87' lang='lat' dir='ltr'>ut</span> <span class='ocrx_word' id='word_1_104' title='bbox 1172 1295 1422 1357; x_wconf 78' lang='lat' dir='ltr'>facimus</span> <span class='ocrx_word' id='word_1_105' title='bbox 1451 1294 1586 1375; x_wconf 89' lang='lat' dir='ltr'>ipsi,</span> <span class='ocrx_word' id='word_1_106' title='bbox 1618 1294 1719 1356; x_wconf 85' lang='lat' dir='ltr'>sed</span> <span class='ocrx_word' id='word_1_107' title='bbox 1742 1294 1828 1357; x_wconf 87' lang='lat' dir='ltr'>rei</span> <span class='ocrx_word' id='word_1_108' title='bbox 1856 1293 2199 1373; x_wconf 77' lang='lat' dir='ltr'>magnitudo</span> <span class='ocrx_word' id='word_1_109' title='bbox 2219 1310 2397 1356; x_wconf 88' lang='lat' dir='ltr'>usum</span> <span class='ocrx_word' id='word_1_110' title='bbox 2421 1312 2571 1374; x_wconf 89' lang='lat' dir='ltr'>quo·</span> 
     </span>
     <span class='ocr_line' id='line_1_14' title="bbox 415 1378 2571 1462; baseline -0.002 -18"><span class='ocrx_word' id='word_1_111' title='bbox 415 1400 533 1462; x_wconf 91' lang='lat' dir='ltr'>que</span> <span class='ocrx_word' id='word_1_112' title='bbox 560 1382 1156 1462; x_wconf 85' lang='lat' dir='ltr'>exercitationemque</span> <span class='ocrx_word' id='word_1_113' title='bbox 1196 1380 1505 1442; x_wconf 85' lang='lat' dir='ltr'>desiderat.</span> <span class='ocrx_word' id='word_1_114' title='bbox 1567 1380 1758 1461; x_wconf 84' lang='lat' dir='ltr'>Atque</span> <span class='ocrx_word' id='word_1_115' title='bbox 1787 1378 1860 1441; x_wconf 91' lang='lat' dir='ltr'>ab</span> <span class='ocrx_word' id='word_1_116' title='bbox 1891 1379 1966 1441; x_wconf 89' lang='lat' dir='ltr'>iis</span> <span class='ocrx_word' id='word_1_117' title='bbox 1993 1378 2206 1455; x_wconf 88' lang='lat' dir='ltr'>rebus,</span> <span class='ocrx_word' id='word_1_118' title='bbox 2227 1397 2402 1461; x_wconf 77' lang='lat' dir='ltr'>quae</span> <span class='ocrx_word' id='word_1_119' title='bbox 2429 1389 2571 1440; x_wconf 86' lang='lat' dir='ltr'>sunt</span> 
     </span>
     <span class='ocr_line' id='line_1_15' title="bbox 411 1464 2569 1546; baseline -0.002 -17"><span class='ocrx_word' id='word_1_120' title='bbox 411 1468 476 1529; x_wconf 91' lang='lat' dir='ltr'>in</span> <span class='ocrx_word' id='word_1_121' title='bbox 509 1467 638 1529; x_wconf 88' lang='lat' dir='ltr'>iure</span> <span class='ocrx_word' id='word_1_122' title='bbox 666 1467 960 1529; x_wconf 88' lang='lat' dir='ltr'>societatis</span> <span class='ocrx_word' id='word_1_123' title='bbox 988 1468 1279 1528; x_wconf 89' lang='lat' dir='ltr'>humanae</span> <span class='ocrx_word' id='word_1_124' title='bbox 1297 1511 1313 1541; x_wconf 98' lang='lat'>,</span> <span class='ocrx_word' id='word_1_125' title='bbox 1360 1482 1538 1546; x_wconf 89' lang='lat' dir='ltr'>quem</span> <span class='ocrx_word' id='word_1_126' title='bbox 1566 1466 1638 1527; x_wconf 92' lang='lat' dir='ltr'>ad</span> <span class='ocrx_word' id='word_1_127' title='bbox 1669 1464 1912 1526; x_wconf 90' lang='lat' dir='ltr'>modum</span> <span class='ocrx_word' id='word_1_128' title='bbox 1954 1464 2203 1527; x_wconf 85' lang='lat' dir='ltr'>ducatur</span> <span class='ocrx_word' id='word_1_129' title='bbox 2230 1466 2569 1540; x_wconf 89' lang='lat' dir='ltr'>honestum,</span> 
     </span>
     <span class='ocr_line' id='line_1_16' title="bbox 415 1550 2355 1634; baseline -0.002 -20"><span class='ocrx_word' id='word_1_130' title='bbox 415 1571 485 1614; x_wconf 93' lang='lat' dir='ltr'>ex</span> <span class='ocrx_word' id='word_1_131' title='bbox 516 1570 635 1634; x_wconf 85' lang='lat' dir='ltr'>quo</span> <span class='ocrx_word' id='word_1_132' title='bbox 664 1560 869 1632; x_wconf 90' lang='lat' dir='ltr'>aptum</span> <span class='ocrx_word' id='word_1_133' title='bbox 898 1558 989 1614; x_wconf 89' lang='lat' dir='ltr'>est</span> <span class='ocrx_word' id='word_1_134' title='bbox 1019 1550 1303 1627; x_wconf 81' lang='lat' dir='ltr'>officium,</span> <span class='ocrx_word' id='word_1_135' title='bbox 1332 1551 1476 1612; x_wconf 87' lang='lat' dir='ltr'>satis</span> <span class='ocrx_word' id='word_1_136' title='bbox 1504 1551 1628 1612; x_wconf 85' lang='lat' dir='ltr'>fere</span> <span class='ocrx_word' id='word_1_137' title='bbox 1656 1550 1927 1612; x_wconf 86' lang='lat' dir='ltr'>diximus.</span> <span class='ocrx_word' id='word_1_138' title='bbox 2345 1552 2355 1561; x_wconf 84' lang='lat'><strong><em>&#39;</em></strong></span> 
     </span>
     <span class='ocr_line' id='line_1_17' title="bbox 583 1635 2570 1718; baseline -0.001 -21"><span class='ocrx_word' id='word_1_139' title='bbox 583 1636 1050 1716; x_wconf 85' lang='lat' dir='ltr'>Intellegendum</span> <span class='ocrx_word' id='word_1_140' title='bbox 1078 1645 1273 1699; x_wconf 89' lang='lat' dir='ltr'>autem</span> <span class='ocrx_word' id='word_1_141' title='bbox 1319 1645 1440 1711; x_wconf 90' lang='lat' dir='ltr'>est,</span> <span class='ocrx_word' id='word_1_142' title='bbox 1482 1653 1619 1698; x_wconf 89' lang='lat' dir='ltr'>cum</span> <span class='ocrx_word' id='word_1_143' title='bbox 1650 1635 1953 1718; x_wconf 86' lang='lat' dir='ltr'>proposita</span> <span class='ocrx_word' id='word_1_144' title='bbox 1995 1635 2115 1696; x_wconf 86' lang='lat' dir='ltr'>sint</span> <span class='ocrx_word' id='word_1_145' title='bbox 2141 1652 2358 1714; x_wconf 85' lang='lat' dir='ltr'>genera</span> <span class='ocrx_word' id='word_1_146' title='bbox 2400 1642 2570 1714; x_wconf 89' lang='lat' dir='ltr'>quat·</span> 
     </span>
     <span class='ocr_line' id='line_1_18' title="bbox 411 1719 2567 1803; baseline -0.001 -18"><span class='ocrx_word' id='word_1_147' title='bbox 411 1730 579 1798; x_wconf 86' lang='lat' dir='ltr'>tuor,</span> <span class='ocrx_word' id='word_1_148' title='bbox 621 1740 655 1784; x_wconf 91' lang='lat' dir='ltr'>e</span> <span class='ocrx_word' id='word_1_149' title='bbox 684 1722 902 1802; x_wconf 86' lang='lat' dir='ltr'>quihus</span> <span class='ocrx_word' id='word_1_150' title='bbox 939 1723 1220 1784; x_wconf 87' lang='lat' dir='ltr'>honestas</span> <span class='ocrx_word' id='word_1_151' title='bbox 1261 1721 1644 1803; x_wconf 83' lang='lat' dir='ltr'>officiumque</span> <span class='ocrx_word' id='word_1_152' title='bbox 1686 1729 1983 1797; x_wconf 87' lang='lat' dir='ltr'>manaret,</span> <span class='ocrx_word' id='word_1_153' title='bbox 2027 1719 2567 1802; x_wconf 86' lang='lat' dir='ltr'>splendidissimum</span> 
     </span>
    </p>
   </div>
   <div class='ocr_carea' id='block_1_4' title="bbox 340 1805 2568 1888">
    <p class='ocr_par' dir='ltr' id='par_1_4' title="bbox 340 1805 2568 1888">
     <span class='ocr_line' id='line_1_19' title="bbox 340 1805 2568 1888; baseline -0.002 -18"><span class='ocrx_word' id='word_1_154' title='bbox 340 1836 345 1842; x_wconf 94' lang='lat'><strong>·</strong></span> <span class='ocrx_word' id='word_1_155' title='bbox 408 1808 592 1870; x_wconf 84' lang='lat' dir='ltr'>videri</span> <span class='ocrx_word' id='word_1_156' title='bbox 624 1807 783 1888; x_wconf 90' lang='lat' dir='ltr'>quod</span> <span class='ocrx_word' id='word_1_157' title='bbox 824 1808 1073 1870; x_wconf 89' lang='lat' dir='ltr'>animo</span> <span class='ocrx_word' id='word_1_158' title='bbox 1104 1825 1369 1887; x_wconf 87' lang='lat' dir='ltr'>magno</span> <span class='ocrx_word' id='word_1_159' title='bbox 1414 1806 1767 1888; x_wconf 87' lang='lat' dir='ltr'>elatoque</span> <span class='ocrx_word' id='word_1_160' title='bbox 1808 1808 2216 1888; x_wconf 87' lang='lat' dir='ltr'>humanasque</span> <span class='ocrx_word' id='word_1_161' title='bbox 2245 1822 2344 1867; x_wconf 91' lang='lat' dir='ltr'>res</span> <span class='ocrx_word' id='word_1_162' title='bbox 2373 1805 2568 1887; x_wconf 86' lang='lat' dir='ltr'>despi-</span> 
     </span>
    </p>
   </div>
   <div class='ocr_carea' id='block_1_5' title="bbox 410 1890 2567 2366">
    <p class='ocr_par' dir='ltr' id='par_1_5' title="bbox 410 1890 2567 2059">
     <span class='ocr_line' id='line_1_20' title="bbox 410 1890 2567 1974; baseline -0.002 -19"><span class='ocrx_word' id='word_1_163' title='bbox 410 1893 604 1955; x_wconf 87' lang='lat' dir='ltr'>ciente</span> <span class='ocrx_word' id='word_1_164' title='bbox 633 1892 852 1955; x_wconf 80' lang='lat' dir='ltr'>factum</span> <span class='ocrx_word' id='word_1_165' title='bbox 880 1893 977 1955; x_wconf 89' lang='lat' dir='ltr'>sit.</span> <span class='ocrx_word' id='word_1_166' title='bbox 1036 1893 1242 1974; x_wconf 87' lang='lat' dir='ltr'>Itaque</span> <span class='ocrx_word' id='word_1_167' title='bbox 1285 1892 1345 1954; x_wconf 92' lang='lat' dir='ltr'>in</span> <span class='ocrx_word' id='word_1_168' title='bbox 1391 1892 1632 1974; x_wconf 82' lang='lat' dir='ltr'>probris</span> <span class='ocrx_word' id='word_1_169' title='bbox 1658 1891 1908 1955; x_wconf 81' lang='lat' dir='ltr'>maxime</span> <span class='ocrx_word' id='word_1_170' title='bbox 1947 1892 2012 1954; x_wconf 89' lang='lat' dir='ltr'>in</span> <span class='ocrx_word' id='word_1_171' title='bbox 2043 1899 2324 1973; x_wconf 85' lang='lat' dir='ltr'>promptu</span> <span class='ocrx_word' id='word_1_172' title='bbox 2355 1899 2475 1965; x_wconf 88' lang='lat' dir='ltr'>est,</span> <span class='ocrx_word' id='word_1_173' title='bbox 2516 1890 2567 1952; x_wconf 86' lang='lat' dir='ltr'>si</span> 
     </span>
     <span class='ocr_line' id='line_1_21' title="bbox 410 1976 1510 2059; baseline -0.002 -19"><span class='ocrx_word' id='word_1_174' title='bbox 410 1978 553 2059; x_wconf 86' lang='lat' dir='ltr'>quid</span> <span class='ocrx_word' id='word_1_175' title='bbox 582 1976 696 2040; x_wconf 89' lang='lat' dir='ltr'>tale</span> <span class='ocrx_word' id='word_1_176' title='bbox 724 1977 842 2039; x_wconf 91' lang='lat' dir='ltr'>dici</span> <span class='ocrx_word' id='word_1_177' title='bbox 872 1986 1100 2058; x_wconf 81' lang='lat' dir='ltr'>potest:</span> <span class='ocrx_word' id='word_1_178' title='bbox 1503 1990 1510 1997; x_wconf 74' lang='grc'><strong><em>”</em></strong></span> 
     </span>
    </p>

    <p class='ocr_par' dir='ltr' id='par_1_6' title="bbox 410 2077 2564 2264">
     <span class='ocr_line' id='line_1_22' title="bbox 508 2077 2564 2159; baseline 0 -20"><span class='ocrx_word' id='word_1_179' title='bbox 508 2077 615 2140; x_wconf 73' lang='lat' dir='ltr'>Vos</span> <span class='ocrx_word' id='word_1_180' title='bbox 642 2083 826 2151; x_wconf 81' lang='lat' dir='ltr'>enim,</span> <span class='ocrx_word' id='word_1_181' title='bbox 857 2082 1119 2153; x_wconf 80' lang='lat' dir='ltr'>iuvenes,</span> <span class='ocrx_word' id='word_1_182' title='bbox 1165 2081 1430 2142; x_wconf 72' lang='lat' dir='ltr'>&lt;inimum</span> <span class='ocrx_word' id='word_1_183' title='bbox 1457 2081 1657 2159; x_wconf 65' lang='lat' dir='ltr'>geritis</span> <span class='ocrx_word' id='word_1_184' title='bbox 1683 2078 2047 2152; x_wconf 60' lang='lat' dir='ltr'>muliebrem,</span> <span class='ocrx_word' id='word_1_185' title='bbox 2092 2079 2198 2141; x_wconf 73' lang='lat' dir='ltr'>illa</span> <span class='ocrx_word' id='word_1_186' title='bbox 2227 2079 2394 2159; x_wconf 75' lang='lat' dir='ltr'>vt&#39;rqd</span> <span class='ocrx_word' id='word_1_187' title='bbox 2429 2081 2564 2150; x_wconf 79' lang='lat' dir='ltr'>viri,</span> 
     </span>
     <span class='ocr_line' id='line_1_23' title="bbox 410 2179 1093 2264; baseline -0.006 -20"><span class='ocrx_word' id='word_1_188' title='bbox 410 2190 468 2244; x_wconf 90' lang='lat' dir='ltr'>et</span> <span class='ocrx_word' id='word_1_189' title='bbox 497 2181 545 2244; x_wconf 89' lang='lat' dir='ltr'>si</span> <span class='ocrx_word' id='word_1_190' title='bbox 578 2181 718 2264; x_wconf 91' lang='lat' dir='ltr'>quid</span> <span class='ocrx_word' id='word_1_191' title='bbox 750 2181 877 2242; x_wconf 90' lang='lat' dir='ltr'>eius</span> <span class='ocrx_word' id='word_1_192' title='bbox 902 2179 1093 2241; x_wconf 83' lang='lat' dir='ltr'>modi:</span> 
     </span>
    </p>

    <p class='ocr_par' dir='ltr' id='par_1_7' title="bbox 498 2282 1974 2366">
     <span class='ocr_line' id='line_1_24' title="bbox 498 2282 1974 2366; baseline 0.001 -21"><span class='ocrx_word' id='word_1_193' title='bbox 498 2282 844 2356; x_wconf 75' lang='lat' dir='ltr'>Salmdct‘da,</span> <span class='ocrx_word' id='word_1_194' title='bbox 874 2283 1059 2364; x_wconf 82' lang='lat' dir='ltr'>spolia</span> <span class='ocrx_word' id='word_1_195' title='bbox 1087 2287 1210 2345; x_wconf 76' lang='lat' dir='ltr'>sine</span> <span class='ocrx_word' id='word_1_196' title='bbox 1238 2285 1447 2347; x_wconf 79' lang='lat' dir='ltr'>sudore</span> <span class='ocrx_word' id='word_1_197' title='bbox 1475 2293 1528 2346; x_wconf 82' lang='lat' dir='ltr'>et</span> <span class='ocrx_word' id='word_1_198' title='bbox 1555 2286 1857 2366; x_wconf 64' lang='lat' dir='ltr'>sanquine.</span> <span class='ocrx_word' id='word_1_199' title='bbox 1957 2345 1974 2362; x_wconf 29' lang='lat'>⁸,</span> 
     </span>
    </p>
   </div>
   <div class='ocr_carea' id='block_1_6' title="bbox 407 2451 2567 3190">
    <p class='ocr_par' dir='ltr' id='par_1_8' title="bbox 407 2451 2567 2925">
     <span class='ocr_line' id='line_1_25' title="bbox 481 2451 2567 2519; baseline 0 -15"><span class='ocrx_word' id='word_1_200' title='bbox 481 2455 531 2508; x_wconf 87' lang='grc'>4.</span> <span class='ocrx_word' id='word_1_201' title='bbox 558 2457 612 2503; x_wconf 79' lang='lat' dir='ltr'>et</span> <span class='ocrx_word' id='word_1_202' title='bbox 631 2452 953 2503; x_wconf 71' lang='lat' dir='ltr'>consuetudo</span> <span class='ocrx_word' id='word_1_203' title='bbox 970 2480 1010 2490; x_wconf 82' lang='lat'>-</span> <span class='ocrx_word' id='word_1_204' title='bbox 1030 2452 1304 2519; x_wconf 74' lang='lat' dir='ltr'>capienda.</span> <span class='ocrx_word' id='word_1_205' title='bbox 1341 2451 1443 2505; x_wconf 86' lang='lat' dir='ltr'>Der</span> <span class='ocrx_word' id='word_1_206' title='bbox 1617 2455 1696 2506; x_wconf 84' lang='lat'>17.</span> <span class='ocrx_word' id='word_1_207' title='bbox 1733 2454 1914 2504; x_wconf 84' lang='lat' dir='ltr'>animo</span> <span class='ocrx_word' id='word_1_208' title='bbox 1950 2467 2164 2518; x_wconf 79' lang='lat' dir='ltr'>magno.</span> <span class='ocrx_word' id='word_1_209' title='bbox 2220 2451 2400 2505; x_wconf 84' lang='lat' dir='ltr'>Zuerst</span> <span class='ocrx_word' id='word_1_210' title='bbox 2436 2451 2567 2504; x_wconf 83' lang='lat' dir='ltr'>wird</span> 
     </span>
     <span class='ocr_line' id='line_1_26' title="bbox 413 2519 2565 2588; baseline 0 -15"><span class='ocrx_word' id='word_1_211' title='bbox 413 2519 535 2574; x_wconf 85' lang='lat' dir='ltr'>Satz</span> <span class='ocrx_word' id='word_1_212' title='bbox 567 2519 713 2587; x_wconf 80' lang='lat' dir='ltr'>gicht</span> <span class='ocrx_word' id='word_1_213' title='bbox 739 2520 837 2573; x_wconf 90' lang='lat' dir='ltr'>den</span> <span class='ocrx_word' id='word_1_214' title='bbox 853 2519 1021 2572; x_wconf 83' lang='lat' dir='ltr'>Inhalt</span> <span class='ocrx_word' id='word_1_215' title='bbox 1051 2520 1143 2573; x_wconf 87' lang='lat' dir='ltr'>des</span> <span class='ocrx_word' id='word_1_216' title='bbox 1161 2519 1440 2588; x_wconf 81' lang='lat' dir='ltr'>folgenden</span> <span class='ocrx_word' id='word_1_217' title='bbox 1542 2520 1687 2587; x_wconf 84' lang='lat' dir='ltr'>gezei</span> <span class='ocrx_word' id='word_1_218' title='bbox 1727 2524 1771 2586; x_wconf 62' lang='lat' dir='ltr'>t,</span> <span class='ocrx_word' id='word_1_219' title='bbox 1832 2519 1951 2572; x_wconf 90' lang='lat' dir='ltr'>dass</span> <span class='ocrx_word' id='word_1_220' title='bbox 2002 2519 2085 2572; x_wconf 90' lang='lat' dir='ltr'>die</span> <span class='ocrx_word' id='word_1_221' title='bbox 2133 2519 2565 2588; x_wconf 83' lang='lat' dir='ltr'>Hochherzigkeit</span> 
     </span>
     <span class='ocr_line' id='line_1_27' title="bbox 408 2587 2567 2724; baseline -0.005 -14"><span class='ocrx_word' id='word_1_222' title='bbox 408 2589 874 2722; x_wconf 56' lang='lat'>{1223131551113553‘</span> <span class='ocrx_word' id='word_1_223' title='bbox 898 2588 1019 2709; x_wconf 56' lang='lat'>351²</span> <span class='ocrx_word' id='word_1_224' title='bbox 1027 2589 1195 2710; x_wconf 53' lang='lat'>„332⁶</span> <span class='ocrx_word' id='word_1_225' title='bbox 1204 2590 1302 2710; x_wconf 67' lang='lat' dir='ltr'>clf?</span> <span class='ocrx_word' id='word_1_226' title='bbox 1336 2589 1438 2710; x_wconf 70' lang='lat'>233:</span> <span class='ocrx_word' id='word_1_227' title='bbox 1541 2588 1625 2724; x_wconf 64' lang='lat'>{³3</span> <span class='ocrx_word' id='word_1_228' title='bbox 1638 2603 1693 2709; x_wconf 74' lang='lat'>1⁸</span> <span class='ocrx_word' id='word_1_229' title='bbox 1713 2587 1994 2710; x_wconf 53' lang='lat' dir='ltr'>{xm</span> <span class='ocrx_word' id='word_1_230' title='bbox 2023 2588 2567 2710; x_wconf 54' lang='lat' dir='ltr'>ilsselffiliiffieffissf</span> 
     </span>
     <span class='ocr_line' id='line_1_28' title="bbox 409 2696 2564 2793; baseline -0.001 -15"><span class='ocrx_word' id='word_1_231' title='bbox 409 2725 704 2790; x_wconf 85' lang='lat' dir='ltr'>Gedanken‚</span> <span class='ocrx_word' id='word_1_232' title='bbox 725 2724 823 2777; x_wconf 91' lang='lat' dir='ltr'>den</span> <span class='ocrx_word' id='word_1_233' title='bbox 844 2696 900 2776; x_wconf 64' lang='lat' dir='ltr'>er</span> <span class='ocrx_word' id='word_1_234' title='bbox 917 2725 988 2775; x_wconf 92' lang='lat' dir='ltr'>im</span> <span class='ocrx_word' id='word_1_235' title='bbox 1005 2724 1302 2791; x_wconf 84' lang='lat' dir='ltr'>Folgenden</span> <span class='ocrx_word' id='word_1_236' title='bbox 1320 2741 1439 2778; x_wconf 88' lang='lat' dir='ltr'>aus-</span> <span class='ocrx_word' id='word_1_237' title='bbox 1536 2725 1848 2793; x_wconf 83' lang='lat' dir='ltr'>rechtigkeit</span> <span class='ocrx_word' id='word_1_238' title='bbox 1871 2726 2118 2777; x_wconf 87' lang='lat' dir='ltr'>bestehen</span> <span class='ocrx_word' id='word_1_239' title='bbox 2145 2724 2281 2777; x_wconf 87' lang='lat' dir='ltr'>kann</span> <span class='ocrx_word' id='word_1_240' title='bbox 2306 2725 2434 2792; x_wconf 66' lang='lat'>562,</span> <span class='ocrx_word' id='word_1_241' title='bbox 2457 2725 2564 2777; x_wconf 89' lang='lat' dir='ltr'>und</span> 
     </span>
     <span class='ocr_line' id='line_1_29' title="bbox 408 2792 2563 2858; baseline 0 -12"><span class='ocrx_word' id='word_1_242' title='bbox 408 2792 566 2858; x_wconf 73' lang='lat' dir='ltr'>suhi-t,</span> <span class='ocrx_word' id='word_1_243' title='bbox 600 2793 712 2845; x_wconf 88' lang='lat' dir='ltr'>hier</span> <span class='ocrx_word' id='word_1_244' title='bbox 745 2793 816 2844; x_wconf 91' lang='lat' dir='ltr'>im</span> <span class='ocrx_word' id='word_1_245' title='bbox 849 2806 1040 2844; x_wconf 82' lang='lat' dir='ltr'>vorans</span> <span class='ocrx_word' id='word_1_246' title='bbox 1073 2792 1216 2846; x_wconf 69' lang='lat' dir='ltr'>hatte</span> <span class='ocrx_word' id='word_1_247' title='bbox 1253 2793 1438 2846; x_wconf 82' lang='lat' dir='ltr'>anfiih-</span> <span class='ocrx_word' id='word_1_248' title='bbox 1538 2794 1636 2846; x_wconf 85' lang='lat' dir='ltr'>wir</span> <span class='ocrx_word' id='word_1_249' title='bbox 1679 2808 1777 2847; x_wconf 88' lang='lat' dir='ltr'>uns</span> <span class='ocrx_word' id='word_1_250' title='bbox 1821 2792 2035 2847; x_wconf 87' lang='lat' dir='ltr'>deshalb</span> <span class='ocrx_word' id='word_1_251' title='bbox 2091 2792 2249 2845; x_wconf 88' lang='lat' dir='ltr'>durch</span> <span class='ocrx_word' id='word_1_252' title='bbox 2297 2793 2372 2845; x_wconf 91' lang='lat' dir='ltr'>sie</span> <span class='ocrx_word' id='word_1_253' title='bbox 2421 2793 2563 2846; x_wconf 89' lang='lat' dir='ltr'>nicht</span> 
     </span>
     <span class='ocr_line' id='line_1_30' title="bbox 407 2858 2565 2925; baseline -0 -11"><span class='ocrx_word' id='word_1_254' title='bbox 407 2876 499 2914; x_wconf 89' lang='lat' dir='ltr'>ren</span> <span class='ocrx_word' id='word_1_255' title='bbox 518 2860 729 2925; x_wconf 81' lang='lat' dir='ltr'>wollen,</span> <span class='ocrx_word' id='word_1_256' title='bbox 762 2875 820 2912; x_wconf 89' lang='lat' dir='ltr'>so</span> <span class='ocrx_word' id='word_1_257' title='bbox 839 2858 1035 2912; x_wconf 82' lang='lat' dir='ltr'>konnte</span> <span class='ocrx_word' id='word_1_258' title='bbox 1055 2875 1110 2913; x_wconf 88' lang='lat' dir='ltr'>er</span> <span class='ocrx_word' id='word_1_259' title='bbox 1128 2860 1226 2913; x_wconf 88' lang='lat' dir='ltr'>den</span> <span class='ocrx_word' id='word_1_260' title='bbox 1244 2860 1437 2918; x_wconf 86' lang='lat' dir='ltr'>Ueber-</span> <span class='ocrx_word' id='word_1_261' title='bbox 1537 2877 1601 2914; x_wconf 87' lang='lat' dir='ltr'>zu</span> <span class='ocrx_word' id='word_1_262' title='bbox 1637 2861 1939 2914; x_wconf 88' lang='lat' dir='ltr'>masslosem</span> <span class='ocrx_word' id='word_1_263' title='bbox 1978 2860 2195 2914; x_wconf 76' lang='lat' dir='ltr'>Sti-eben</span> <span class='ocrx_word' id='word_1_264' title='bbox 2233 2861 2363 2913; x_wconf 86' lang='lat' dir='ltr'>nach</span> <span class='ocrx_word' id='word_1_265' title='bbox 2400 2860 2565 2913; x_wconf 89' lang='lat' dir='ltr'>Vo-r-</span> 
     </span>
    </p>

    <p class='ocr_par' dir='ltr' id='par_1_9' title="bbox 407 2927 2565 3134">
     <span class='ocr_line' id='line_1_31' title="bbox 475 2927 2565 2997; baseline 0 -16"><span class='ocrx_word' id='word_1_266' title='bbox 475 2942 546 2995; x_wconf 79' lang='lat' dir='ltr'>ng</span> <span class='ocrx_word' id='word_1_267' title='bbox 563 2927 788 2980; x_wconf 85' lang='lat' dir='ltr'>nachher</span> <span class='ocrx_word' id='word_1_268' title='bbox 805 2927 948 2980; x_wconf 85' lang='lat' dir='ltr'>nicht</span> <span class='ocrx_word' id='word_1_269' title='bbox 969 2928 1065 2980; x_wconf 88' lang='lat' dir='ltr'>mit</span> <span class='ocrx_word' id='word_1_270' title='bbox 1086 2930 1183 2980; x_wconf 74' lang='lat' dir='ltr'>sed</span> <span class='ocrx_word' id='word_1_271' title='bbox 1200 2930 1433 2997; x_wconf 86' lang='lat' dir='ltr'>macheu,</span> <span class='ocrx_word' id='word_1_272' title='bbox 1537 2944 1603 2982; x_wconf 81' lang='lat' dir='ltr'>ra</span> <span class='ocrx_word' id='word_1_273' title='bbox 1617 2945 1651 2981; x_wconf 90' lang='lat' dir='ltr'>n</span> <span class='ocrx_word' id='word_1_274' title='bbox 1666 2944 1702 2997; x_wconf 84' lang='lat' dir='ltr'>g</span> <span class='ocrx_word' id='word_1_275' title='bbox 1723 2931 1775 2995; x_wconf 67' lang='grc' dir='ltr'>(ξ</span> <span class='ocrx_word' id='word_1_276' title='bbox 1795 2932 1884 2995; x_wconf 84' lang='grc'>64)</span> <span class='ocrx_word' id='word_1_277' title='bbox 1907 2929 2012 2982; x_wconf 90' lang='lat' dir='ltr'>und</span> <span class='ocrx_word' id='word_1_278' title='bbox 2036 2929 2232 2982; x_wconf 88' lang='lat' dir='ltr'>Ruhm</span> <span class='ocrx_word' id='word_1_279' title='bbox 2257 2931 2309 2995; x_wconf 66' lang='grc' dir='ltr'>(ξ</span> <span class='ocrx_word' id='word_1_280' title='bbox 2326 2930 2414 2993; x_wconf 80' lang='grc'>65)</span> <span class='ocrx_word' id='word_1_281' title='bbox 2450 2944 2565 2981; x_wconf 87' lang='lat' dir='ltr'>ver-</span> 
     </span>
     <span class='ocr_line' id='line_1_32' title="bbox 407 2944 2563 3062; baseline 0 -12"><span class='ocrx_word' id='word_1_282' title='bbox 407 2944 500 3050; x_wconf 52' lang='lat'>328</span> <span class='ocrx_word' id='word_1_283' title='bbox 536 2995 773 3062; x_wconf 82' lang='lat' dir='ltr'>angieht,</span> <span class='ocrx_word' id='word_1_284' title='bbox 826 2994 945 3048; x_wconf 89' lang='lat' dir='ltr'>dass</span> <span class='ocrx_word' id='word_1_285' title='bbox 994 2995 1085 3050; x_wconf 88' lang='lat' dir='ltr'>das</span> <span class='ocrx_word' id='word_1_286' title='bbox 1130 2996 1302 3050; x_wconf 84' lang='lat' dir='ltr'>bisher</span> <span class='ocrx_word' id='word_1_287' title='bbox 1338 2997 1435 3050; x_wconf 87' lang='lat' dir='ltr'>Be-</span> <span class='ocrx_word' id='word_1_288' title='bbox 1536 2997 1695 3051; x_wconf 85' lang='lat' dir='ltr'>leiten</span> <span class='ocrx_word' id='word_1_289' title='bbox 1738 2997 1909 3051; x_wconf 86' lang='lat' dir='ltr'>lassen</span> <span class='ocrx_word' id='word_1_290' title='bbox 1954 2998 2153 3053; x_wconf 76' lang='lat' dir='ltr'>dfirfen.</span> <span class='ocrx_word' id='word_1_291' title='bbox 2222 2997 2315 3050; x_wconf 87' lang='lat' dir='ltr'>Die</span> <span class='ocrx_word' id='word_1_292' title='bbox 2351 2998 2563 3051; x_wconf 77' lang='lat' dir='ltr'>weitere</span> 
     </span>
     <span class='ocr_line' id='line_1_33' title="bbox 407 3062 2214 3134; baseline 0.002 -17"><span class='ocrx_word' id='word_1_293' title='bbox 407 3064 692 3133; x_wconf 87' lang='lat' dir='ltr'>sprochene</span> <span class='ocrx_word' id='word_1_294' title='bbox 725 3062 1085 3131; x_wconf 83' lang='lat' dir='ltr'>ahgebrochen</span> <span class='ocrx_word' id='word_1_295' title='bbox 1121 3064 1308 3120; x_wconf 79' lang='lat' dir='ltr'>werde.</span> <span class='ocrx_word' id='word_1_296' title='bbox 1534 3065 1868 3133; x_wconf 83' lang='lat' dir='ltr'>Eintheilung</span> <span class='ocrx_word' id='word_1_297' title='bbox 1901 3082 1945 3121; x_wconf 91' lang='lat' dir='ltr'>s.</span> <span class='ocrx_word' id='word_1_298' title='bbox 1980 3082 2024 3120; x_wconf 89' lang='lat' dir='ltr'>z.</span> <span class='ocrx_word' id='word_1_299' title='bbox 2062 3066 2095 3134; x_wconf 64' lang='grc' dir='ltr'><strong>ξ</strong></span> <span class='ocrx_word' id='word_1_300' title='bbox 2131 3069 2214 3121; x_wconf 85' lang='grc'>66.</span> 
     </span>
    </p>

    <p class='ocr_par' dir='ltr' id='par_1_10' title="bbox 477 3133 2559 3190">
     <span class='ocr_line' id='line_1_34' title="bbox 477 3133 2559 3190; baseline -0.001 -2"><span class='ocrx_word' id='word_1_301' title='bbox 477 3138 524 3188; x_wconf 89' lang='grc'>5.</span> <span class='ocrx_word' id='word_1_302' title='bbox 559 3138 624 3184; x_wconf 79' lang='lat' dir='ltr'>ut</span> <span class='ocrx_word' id='word_1_303' title='bbox 647 3135 778 3185; x_wconf 78' lang='lat' dir='ltr'>boni</span> <span class='ocrx_word' id='word_1_304' title='bbox 797 3134 1248 3186; x_wconf 73' lang='lat' dir='ltr'>ratiocinatores.-</span> <span class='ocrx_word' id='word_1_305' title='bbox 1283 3133 1433 3187; x_wconf 79' lang='lat' dir='ltr'>daffir</span> <span class='ocrx_word' id='word_1_306' title='bbox 1605 3137 1688 3190; x_wconf 88' lang='lat'>20.</span> <span class='ocrx_word' id='word_1_307' title='bbox 1742 3134 1854 3187; x_wconf 73' lang='lat' dir='ltr'>Vos</span> <span class='ocrx_word' id='word_1_308' title='bbox 1903 3138 2047 3186; x_wconf 71' lang='lat' dir='ltr'>enim</span> <span class='ocrx_word' id='word_1_309' title='bbox 2081 3138 2181 3190; x_wconf 87' lang='lat' dir='ltr'>cet.</span> <span class='ocrx_word' id='word_1_310' title='bbox 2269 3134 2559 3187; x_wconf 86' lang='lat' dir='ltr'>Lachmann</span> 
     </span>
    </p>
   </div>
   <div class='ocr_carea' id='block_1_7' title="bbox 2614 1205 2673 1259">
    <p class='ocr_par' dir='ltr' id='par_1_11' title="bbox 2614 1205 2673 1259">
     <span class='ocr_line' id='line_1_35' title="bbox 2614 1205 2673 1259; baseline 0.068 -4"><span class='ocrx_word' id='word_1_311' title='bbox 2614 1205 2673 1259; x_wconf 78' lang='lat'>1⁰</span> 
     </span>
    </p>
   </div>
   <div class='ocr_carea' id='block_1_8' title="bbox 2614 1630 2671 1683">
    <p class='ocr_par' dir='ltr' id='par_1_12' title="bbox 2614 1630 2671 1683">
     <span class='ocr_line' id='line_1_36' title="bbox 2614 1630 2671 1683; baseline 0.018 -1"><span class='ocrx_word' id='word_1_312' title='bbox 2614 1630 2671 1683; x_wconf 84' lang='lat'>15</span> 
     </span>
    </p>
   </div>
   <div class='ocr_carea' id='block_1_9' title="bbox 406 3200 2604 3269">
    <p class='ocr_par' dir='ltr' id='par_1_13' title="bbox 406 3200 2604 3269">
     <span class='ocr_line' id='line_1_37' title="bbox 406 3200 2604 3269; baseline 0 -14"><span class='ocrx_word' id='word_1_313' title='bbox 406 3202 614 3256; x_wconf 87' lang='lat' dir='ltr'>stellten</span> <span class='ocrx_word' id='word_1_314' title='bbox 648 3201 728 3255; x_wconf 91' lang='lat' dir='ltr'>die</span> <span class='ocrx_word' id='word_1_315' title='bbox 748 3200 956 3254; x_wconf 86' lang='lat' dir='ltr'>Stoiker</span> <span class='ocrx_word' id='word_1_316' title='bbox 985 3201 1100 3254; x_wconf 86' lang='lat' dir='ltr'>eine</span> <span class='ocrx_word' id='word_1_317' title='bbox 1129 3202 1309 3269; x_wconf 83' lang='lat' dir='ltr'>eigene</span> <span class='ocrx_word' id='word_1_318' title='bbox 1327 3202 1432 3256; x_wconf 81' lang='lat' dir='ltr'>Tu·</span> <span class='ocrx_word' id='word_1_319' title='bbox 1533 3218 1578 3256; x_wconf 85' lang='lat' dir='ltr'>z.</span> <span class='ocrx_word' id='word_1_320' title='bbox 1615 3203 1760 3255; x_wconf 87' lang='lat' dir='ltr'>Lucr.</span> <span class='ocrx_word' id='word_1_321' title='bbox 1796 3201 1865 3255; x_wconf 88' lang='lat' dir='ltr'>IV</span> <span class='ocrx_word' id='word_1_322' title='bbox 1898 3205 1994 3256; x_wconf 86' lang='lat'>211</span> <span class='ocrx_word' id='word_1_323' title='bbox 2047 3204 2139 3256; x_wconf 83' lang='lat' dir='ltr'>hat</span> <span class='ocrx_word' id='word_1_324' title='bbox 2173 3202 2272 3256; x_wconf 88' lang='lat' dir='ltr'>den</span> <span class='ocrx_word' id='word_1_325' title='bbox 2308 3202 2437 3256; x_wconf 86' lang='lat' dir='ltr'>Vers</span> <span class='ocrx_word' id='word_1_326' title='bbox 2480 3201 2557 3254; x_wconf 91' lang='lat' dir='ltr'>als</span> <span class='ocrx_word' id='word_1_327' title='bbox 2597 3247 2604 3256; x_wconf 73' lang='grc'><strong>,</strong></span> 
     </span>
    </p>
   </div>
   <div class='ocr_carea' id='block_1_10' title="bbox 401 3266 2559 3940">
    <p class='ocr_par' dir='ltr' id='par_1_14' title="bbox 401 3266 2559 3818">
     <span class='ocr_line' id='line_1_38' title="bbox 441 3266 2559 3341; baseline -0.001 -18"><span class='ocrx_word' id='word_1_328' title='bbox 441 3269 565 3336; x_wconf 87' lang='lat' dir='ltr'>eud,</span> <span class='ocrx_word' id='word_1_329' title='bbox 600 3266 926 3341; x_wconf 74' lang='grc' dir='ltr'><strong><em>εὖλογιστία,</em></strong></span> <span class='ocrx_word' id='word_1_330' title='bbox 962 3269 1073 3335; x_wconf 83' lang='lat' dir='ltr'>aus,</span> <span class='ocrx_word' id='word_1_331' title='bbox 1110 3270 1194 3323; x_wconf 85' lang='lat' dir='ltr'>die</span> <span class='ocrx_word' id='word_1_332' title='bbox 1230 3286 1429 3338; x_wconf 87' lang='lat' dir='ltr'>genaue</span> <span class='ocrx_word' id='word_1_333' title='bbox 1534 3271 1891 3323; x_wconf 69' lang='lat' dir='ltr'>trochfiischen</span> <span class='ocrx_word' id='word_1_334' title='bbox 1927 3270 1994 3324; x_wconf 90' lang='lat' dir='ltr'>Se</span> <span class='ocrx_word' id='word_1_335' title='bbox 2036 3274 2181 3325; x_wconf 86' lang='lat' dir='ltr'>tenar</span> <span class='ocrx_word' id='word_1_336' title='bbox 2216 3270 2458 3335; x_wconf 83' lang='lat' dir='ltr'>erkannt,</span> <span class='ocrx_word' id='word_1_337' title='bbox 2504 3269 2559 3321; x_wconf 89' lang='lat' dir='ltr'>in</span> 
     </span>
     <span class='ocr_line' id='line_1_39' title="bbox 449 3288 2557 3409; baseline -0.001 -18"><span class='ocrx_word' id='word_1_338' title='bbox 449 3339 745 3406; x_wconf 84' lang='lat' dir='ltr'>erechnung</span> <span class='ocrx_word' id='word_1_339' title='bbox 779 3338 868 3391; x_wconf 90' lang='lat' dir='ltr'>der</span> <span class='ocrx_word' id='word_1_340' title='bbox 899 3338 1178 3404; x_wconf 85' lang='lat' dir='ltr'>Pflichten,</span> <span class='ocrx_word' id='word_1_341' title='bbox 1215 3340 1298 3393; x_wconf 90' lang='lat' dir='ltr'>die</span> <span class='ocrx_word' id='word_1_342' title='bbox 1333 3340 1431 3393; x_wconf 89' lang='lat' dir='ltr'>wir</span> <span class='ocrx_word' id='word_1_343' title='bbox 1533 3339 1649 3391; x_wconf 91' lang='lat' dir='ltr'>dem</span> <span class='ocrx_word' id='word_1_344' title='bbox 1698 3343 1839 3391; x_wconf 78' lang='lat' dir='ltr'>enim</span> <span class='ocrx_word' id='word_1_345' title='bbox 1886 3340 1963 3392; x_wconf 86' lang='lat' dir='ltr'>als</span> <span class='ocrx_word' id='word_1_346' title='bbox 1998 3288 2307 3409; x_wconf 72' lang='lat' dir='ltr'>¹l&#39;yrrichius</span> <span class='ocrx_word' id='word_1_347' title='bbox 2354 3338 2557 3404; x_wconf 87' lang='lat' dir='ltr'>(indem</span> 
     </span>
     <span class='ocr_line' id='line_1_40' title="bbox 404 3406 2558 3474; baseline -0 -15"><span class='ocrx_word' id='word_1_348' title='bbox 404 3423 511 3461; x_wconf 83' lang='lat' dir='ltr'>von</span> <span class='ocrx_word' id='word_1_349' title='bbox 543 3406 750 3458; x_wconf 88' lang='lat' dir='ltr'>Andern</span> <span class='ocrx_word' id='word_1_350' title='bbox 786 3421 849 3458; x_wconf 89' lang='lat' dir='ltr'>zu</span> <span class='ocrx_word' id='word_1_351' title='bbox 886 3406 1090 3460; x_wconf 74' lang='lat' dir='ltr'>sordem</span> <span class='ocrx_word' id='word_1_352' title='bbox 1123 3407 1292 3461; x_wconf 86' lang='lat' dir='ltr'>haben</span> <span class='ocrx_word' id='word_1_353' title='bbox 1322 3408 1430 3461; x_wconf 82' lang='lat' dir='ltr'>und</span> <span class='ocrx_word' id='word_1_354' title='bbox 1532 3407 1624 3460; x_wconf 88' lang='lat' dir='ltr'>das</span> <span class='ocrx_word' id='word_1_355' title='bbox 1644 3406 1934 3461; x_wconf 87' lang='lat' dir='ltr'>Schluss-m</span> <span class='ocrx_word' id='word_1_356' title='bbox 1968 3410 2100 3461; x_wconf 89' lang='lat' dir='ltr'>auch</span> <span class='ocrx_word' id='word_1_357' title='bbox 2134 3424 2229 3461; x_wconf 83' lang='lat' dir='ltr'>vor</span> <span class='ocrx_word' id='word_1_358' title='bbox 2265 3406 2558 3474; x_wconf 78' lang='lat' dir='ltr'>folgendem</span> 
     </span>
     <span class='ocr_line' id='line_1_41' title="bbox 404 3471 2554 3543; baseline -0 -15"><span class='ocrx_word' id='word_1_359' title='bbox 404 3476 560 3529; x_wconf 89' lang='lat' dir='ltr'>ihnen</span> <span class='ocrx_word' id='word_1_360' title='bbox 580 3474 839 3527; x_wconf 86' lang='lat' dir='ltr'>schulden.</span> <span class='ocrx_word' id='word_1_361' title='bbox 867 3471 1013 3527; x_wconf 84' lang='lat' dir='ltr'>Stob.</span> <span class='ocrx_word' id='word_1_362' title='bbox 1029 3475 1123 3529; x_wconf 89' lang='lat' dir='ltr'>ecl.</span> <span class='ocrx_word' id='word_1_363' title='bbox 1142 3476 1247 3529; x_wconf 88' lang='lat' dir='ltr'>eth.</span> <span class='ocrx_word' id='word_1_364' title='bbox 1261 3493 1310 3543; x_wconf 86' lang='lat' dir='ltr'>p.</span> <span class='ocrx_word' id='word_1_365' title='bbox 1333 3479 1428 3531; x_wconf 86' lang='grc'>106</span> <span class='ocrx_word' id='word_1_366' title='bbox 1533 3476 1895 3529; x_wconf 83' lang='lat' dir='ltr'>Consonanten</span> <span class='ocrx_word' id='word_1_367' title='bbox 1943 3477 2085 3530; x_wconf 83' lang='lat' dir='ltr'>nicht</span> <span class='ocrx_word' id='word_1_368' title='bbox 2132 3477 2316 3543; x_wconf 75' lang='lat' dir='ltr'>gehort</span> <span class='ocrx_word' id='word_1_369' title='bbox 2358 3474 2554 3538; x_wconf 84' lang='lat' dir='ltr'>wurde)</span> 
     </span>
     <span class='ocr_line' id='line_1_42' title="bbox 402 3537 2556 3625; baseline -0.001 -28"><span class='ocrx_word' id='word_1_370' title='bbox 402 3539 746 3615; x_wconf 74' lang='grc' dir='ltr'>εὐλογιστίαν</span> <span class='ocrx_word' id='word_1_371' title='bbox 775 3537 1081 3610; x_wconf 71' lang='grc' dir='ltr'><strong><em>ἐπιστήμην</em></strong></span> <span class='ocrx_word' id='word_1_372' title='bbox 1105 3538 1430 3625; x_wconf 50' lang='grc' dir='ltr'>ἀνταμαιρε·</span> <span class='ocrx_word' id='word_1_373' title='bbox 1529 3543 1636 3599; x_wconf 88' lang='lat' dir='ltr'>und</span> <span class='ocrx_word' id='word_1_374' title='bbox 1670 3544 1770 3596; x_wconf 82' lang='lat' dir='ltr'>illa</span> <span class='ocrx_word' id='word_1_375' title='bbox 1803 3544 1859 3597; x_wconf 92' lang='lat' dir='ltr'>in</span> <span class='ocrx_word' id='word_1_376' title='bbox 1894 3543 1985 3598; x_wconf 82' lang='lat' dir='ltr'>der</span> <span class='ocrx_word' id='word_1_377' title='bbox 2019 3549 2190 3598; x_wconf 87' lang='lat' dir='ltr'>ersten</span> <span class='ocrx_word' id='word_1_378' title='bbox 2229 3543 2417 3612; x_wconf 81' lang='lat' dir='ltr'>Sylbe‚</span> <span class='ocrx_word' id='word_1_379' title='bbox 2455 3544 2556 3595; x_wconf 83' lang='lat' dir='ltr'>wie</span> 
     </span>
     <span class='ocr_line' id='line_1_43' title="bbox 403 3608 2554 3682; baseline -0.001 -16"><span class='ocrx_word' id='word_1_380' title='bbox 403 3609 562 3679; x_wconf 76' lang='grc' dir='ltr'>τικῆν</span> <span class='ocrx_word' id='word_1_381' title='bbox 605 3614 696 3664; x_wconf 77' lang='grc' dir='ltr'>καὶ</span> <span class='ocrx_word' id='word_1_382' title='bbox 731 3608 1275 3682; x_wconf 73' lang='grc' dir='ltr'>συγκεφαλαιωτικὴν</span> <span class='ocrx_word' id='word_1_383' title='bbox 1306 3631 1450 3665; x_wconf 81' lang='grc' dir='ltr'><strong><em>των·</em></strong></span> <span class='ocrx_word' id='word_1_384' title='bbox 1529 3627 1588 3665; x_wconf 77' lang='grc'>80</span> <span class='ocrx_word' id='word_1_385' title='bbox 1636 3611 1812 3680; x_wconf 67' lang='lat' dir='ltr'>hfiuflg</span> <span class='ocrx_word' id='word_1_386' title='bbox 1862 3612 1947 3665; x_wconf 82' lang='lat' dir='ltr'>bei</span> <span class='ocrx_word' id='word_1_387' title='bbox 1994 3612 2135 3667; x_wconf 75' lang='lat' dir='ltr'>alten</span> <span class='ocrx_word' id='word_1_388' title='bbox 2182 3610 2554 3677; x_wconf 77' lang='lat' dir='ltr'>Dramatikem,</span> 
     </span>
     <span class='ocr_line' id='line_1_44' title="bbox 401 3674 2555 3818; baseline -0 -17"><span class='ocrx_word' id='word_1_389' title='bbox 401 3674 1173 3815; x_wconf 49' lang='lat' dir='ltr'>...mmm</span> <span class='ocrx_word' id='word_1_390' title='bbox 1206 3684 1372 3802; x_wconf 61' lang='lat' dir='ltr'>a</span> <span class='ocrx_word' id='word_1_391' title='bbox 1527 3680 1655 3801; x_wconf 57' lang='lat' dir='ltr'>aa</span> <span class='ocrx_word' id='word_1_392' title='bbox 1727 3681 1990 3818; x_wconf 58' lang='lat' dir='ltr'>{aaz}</span> <span class='ocrx_word' id='word_1_393' title='bbox 2006 3679 2555 3803; x_wconf 44' lang='lat' dir='ltr'>asmantia</span> 
     </span>
    </p>

    <p class='ocr_par' dir='ltr' id='par_1_15' title="bbox 542 3788 2526 3815">
     <span class='ocr_line' id='line_1_45' title="bbox 542 3788 2526 3815; baseline 0.002 -14"><span class='ocrx_word' id='word_1_394' title='bbox 542 3788 555 3801; x_wconf 88' lang='lat'>.</span> <span class='ocrx_word' id='word_1_395' title='bbox 939 3788 956 3815; x_wconf 90' lang='lat'>‚</span> <span class='ocrx_word' id='word_1_396' title='bbox 1020 3789 1031 3802; x_wconf 92' lang='lat'>.</span> <span class='ocrx_word' id='word_1_397' title='bbox 1102 3789 1115 3804; x_wconf 87' lang='lat'>.</span> <span class='ocrx_word' id='word_1_398' title='bbox 1276 3790 1288 3804; x_wconf 86' lang='lat'>.</span> <span class='ocrx_word' id='word_1_399' title='bbox 2523 3799 2526 3800; x_wconf 11' lang='grc' dir='ltr'><em>γ</em></span> 
     </span>
    </p>

    <p class='ocr_par' dir='ltr' id='par_1_16' title="bbox 476 3816 1842 3884">
     <span class='ocr_line' id='line_1_46' title="bbox 476 3816 1842 3884; baseline 0.001 -14"><span class='ocrx_word' id='word_1_400' title='bbox 476 3820 555 3871; x_wconf 82' lang='lat'>12.</span> <span class='ocrx_word' id='word_1_401' title='bbox 609 3832 747 3883; x_wconf 81' lang='lat' dir='ltr'>quae</span> <span class='ocrx_word' id='word_1_402' title='bbox 792 3822 920 3868; x_wconf 73' lang='lat' dir='ltr'>sunt</span> <span class='ocrx_word' id='word_1_403' title='bbox 964 3821 1023 3869; x_wconf 76' lang='lat' dir='ltr'>in</span> <span class='ocrx_word' id='word_1_404' title='bbox 1059 3821 1181 3870; x_wconf 75' lang='lat' dir='ltr'>iure</span> <span class='ocrx_word' id='word_1_405' title='bbox 1213 3833 1319 3871; x_wconf 75' lang='lat' dir='ltr'>soc.</span> <span class='ocrx_word' id='word_1_406' title='bbox 1357 3820 1428 3884; x_wconf 82' lang='grc' dir='ltr'>Ιι.,</span> <span class='ocrx_word' id='word_1_407' title='bbox 1527 3816 1842 3872; x_wconf 81' lang='lat' dir='ltr'>unbekannt.</span> 
     </span>
    </p>

    <p class='ocr_par' dir='ltr' id='par_1_17' title="bbox 405 3884 2553 3940">
     <span class='ocr_line' id='line_1_47' title="bbox 405 3884 2553 3940; baseline -0.001 -1"><span class='ocrx_word' id='word_1_408' title='bbox 405 3885 487 3939; x_wconf 87' lang='lat' dir='ltr'>die</span> <span class='ocrx_word' id='word_1_409' title='bbox 511 3884 1045 3938; x_wconf 68' lang='lat' dir='ltr'>Rechtsverhaltnisse</span> <span class='ocrx_word' id='word_1_410' title='bbox 1081 3886 1172 3940; x_wconf 87' lang='lat' dir='ltr'>der</span> <span class='ocrx_word' id='word_1_411' title='bbox 1193 3886 1428 3940; x_wconf 85' lang='lat' dir='ltr'>mensch·</span> <span class='ocrx_word' id='word_1_412' title='bbox 1599 3888 1680 3940; x_wconf 82' lang='lat'>23.</span> <span class='ocrx_word' id='word_1_413' title='bbox 1730 3885 2054 3938; x_wconf 70' lang='lat' dir='ltr'>Salmonida.</span> <span class='ocrx_word' id='word_1_414' title='bbox 2128 3884 2379 3938; x_wconf 85' lang='lat' dir='ltr'>Salmacis</span> <span class='ocrx_word' id='word_1_415' title='bbox 2413 3884 2553 3938; x_wconf 85' lang='lat' dir='ltr'>hiess</span> 
     </span>
    </p>
   </div>
   <div class='ocr_carea' id='block_1_11' title="bbox 403 3951 2556 4021">
    <p class='ocr_par' dir='ltr' id='par_1_18' title="bbox 403 3951 2556 4021">
     <span class='ocr_line' id='line_1_48' title="bbox 403 3951 2556 4021; baseline -0 -16"><span class='ocrx_word' id='word_1_416' title='bbox 403 3954 572 4008; x_wconf 87' lang='lat' dir='ltr'>lichen</span> <span class='ocrx_word' id='word_1_417' title='bbox 608 3952 968 4011; x_wconf 83' lang='lat' dir='ltr'>Gesellschaft.</span> <span class='ocrx_word' id='word_1_418' title='bbox 1530 3954 1644 4007; x_wconf 88' lang='lat' dir='ltr'>eine</span> <span class='ocrx_word' id='word_1_419' title='bbox 1676 3953 1856 4016; x_wconf 83' lang='lat' dir='ltr'>Quelle</span> <span class='ocrx_word' id='word_1_420' title='bbox 1887 3955 2124 4021; x_wconf 72' lang='lat' dir='ltr'>Ratione,</span> <span class='ocrx_word' id='word_1_421' title='bbox 2159 3951 2556 4021; x_wconf 51' lang='lat' dir='ltr'>dereQWasser</span> 
     </span>
    </p>
   </div>
  </div>
 </body>
</html>
