2813 4537
356 231 476 302 152

956 230 1337 298 DE40FF10118
1373 230 1490 301 LIB.
1519 231 1575 284 11.
1645 230 1786 284 GAP.
1817 233 1895 284 14.

340 408 686 480 faciendum
731 423 842 467 nec
873 421 1155 482 umquam
1184 403 1300 466 nisi
1329 411 1433 468 aut
1460 404 1548 465 rei
1587 402 1861 483 publicae
1891 421 2093 478 causa,
2141 409 2208 464 ut
2236 401 2303 476 ii,
2349 422 2500 483 quos

342 501 490 558 ante
518 492 661 567 dixi,
690 499 791 554 aut
821 489 1172 565 ulciscendi,
1217 497 1283 552 ut
1311 489 1432 551 duo
1462 487 1720 563 Luculli,
1766 496 1869 550 aut
1895 486 2243 568 patrocinii,
2294 497 2361 552 ut
2390 509 2500 558 nos

351 598 464 658 pro
496 576 741 651 Siculis,
783 594 895 656 pro
938 573 1138 636 Sardis
1181 574 1243 635 in
1276 574 1523 638 Albucio
1567 574 1767 636 Iulius
1834 573 1903 634 In
1948 572 2280 640 accusando
2326 576 2500 644 etiam

344 664 446 736 Μ’.
477 661 710 742 Aquilio
741 661 809 722 L.
840 660 991 724 Fufii
1021 661 1261 739 cognita
1290 659 1581 724 industria
1611 667 1716 722 est.
1790 659 1986 722 Semel
2029 659 2209 739 igitur
2246 666 2350 720 ant
2376 677 2498 726 non

244 785 285 822 χ
343 767 527 828 saepe
557 755 752 809 certe:
798 746 891 808 sin
927 746 1039 810 erit
1067 745 1164 810 cui
1192 744 1527 812 faciendum
1570 743 1645 806 sit
1674 744 1936 823 saepim,
1977 744 2065 806 rei
2093 742 2370 824 publicae
2395 747 2501 808 tri-
2539 751 2604 810 δ’

347 834 495 898 bnat
520 834 635 896 hoc
664 830 958 905 muneris,
1004 831 1175 893 cuius
1204 828 1479 892 inimicos
1506 829 1712 892 ulcisci
1758 830 1993 910 saepius
2022 848 2145 892 non
2177 836 2267 892 est
2295 847 2501 911 repre-

347 919 765 984 hendendum:
796 916 1008 980 modus
1035 924 1233 977 tamen
1274 915 1444 980 adsit.
1504 915 1651 978 Duri
1694 914 1856 977 enim
1897 913 2154 978 hominis
2181 915 2276 980 vel
2301 916 2503 994 potius

348 1004 446 1076 ‚vix
475 1002 733 1068 hominis
760 1001 992 1064 videtur
1019 1001 1351 1081 periculum
1382 1000 1590 1081 capitis
1618 1000 1846 1064 inferre
1871 1000 2091 1064 multis.
2136 1000 2202 1064 Id
2230 1019 2368 1063 cum
2396 1021 2501 1081 pe·-

344 1089 678 1152 riculosum
706 1087 822 1167 ipsi
852 1094 959 1161 est,
991 1093 1119 1154 tum
1150 1085 1325 1150 etiam
1356 1086 1659 1152 sordidum
1689 1087 1761 1147 ad
1792 1086 2008 1150 famam
2038 1086 2407 1150 committere
2437 1096 2505 1150 ut

350 1180 660 1246 accusator
680 1172 1021 1247 nominere3
1054 1171 1214 1250 quod
1236 1171 1490 1251 contigit
1509 1172 1584 1232 Μ.
1609 1171 1814 1246 Bruto,
1846 1188 2077 1236 summo
2100 1190 2321 1250 genere
2344 1180 2503 1246 nato,
2543 1180 2607 1235 10

248 1266 307 1317 51
346 1259 508 1330 ‘illius
536 1258 677 1332 filio,
713 1257 818 1336 qui
838 1256 986 1320 iuris
1017 1256 1201 1318 civilis
1230 1256 1503 1337 inprimis
1532 1256 1760 1337 peritus
1781 1255 1913 1318 fuit.
1958 1258 2152 1335 Atque
2181 1257 2358 1318 etiam
2385 1259 2501 1322 hoe

343 1350 738 1423 praeceptum
780 1342 957 1404 officii
1000 1341 1315 1422 diligenter
1360 1343 1687 1408 tenendum
1729 1349 1836 1416 est,
1882 1360 1959 1402 ne
2004 1360 2180 1420 quem
2222 1360 2502 1421 umquam

348 1429 739 1502 innocentem
781 1426 998 1494 iudicio
1034 1427 1248 1507 capitis
1291 1446 1584 1492 arcessas:
1630 1427 1689 1492 id
1727 1426 1892 1488 enim
1936 1426 2066 1490 sine
2105 1427 2330 1489 scelere
2371 1429 2501 1492 fieri

353 1514 516 1578 nullo
559 1521 733 1594 pacto
778 1520 993 1592 potest.
1052 1513 1201 1574 Nam
1247 1512 1383 1591 quid
1427 1521 1515 1582 est
1555 1521 1677 1576 tam
1720 1512 2114 1576 inhumanum
2155 1531 2335 1609 quam
2377 1514 2503 1575 elo-

354 1598 655 1661 ‹uentiam
698 1617 731 1659 a
774 1604 985 1658 natura
1029 1598 1101 1658 ad
1143 1598 1392 1660 salutem
1438 1598 1748 1658 hominum
1790 1603 1848 1657 et
1877 1597 1950 1657 ad
1994 1598 2503 1660 conservationem
2548 1606 2605 1656 15

350 1619 544 1746 <iatam
573 1684 648 1744 ad
668 1684 967 1746 honorum
986 1690 1216 1762 pestem
1237 1683 1684 1763 perniciemque
1705 1680 2097 1743 convertere?
2140 1683 2261 1743 Nec
2283 1690 2502 1759 tamen,

349 1777 418 1832 ut
445 1767 559 1832 hoc
587 1765 937 1848 fugiendum
967 1776 1075 1843 est,
1105 1769 1248 1830 item
1271 1775 1363 1829 est
1381 1769 1722 1830 habendum
1752 1766 2028 1855 religioni
2055 1776 2375 1829 nocentem
2398 1768 2503 1829 ali-

353 1855 610 1933 quand0‚
630 1854 808 1917 modo
833 1872 909 1914 ne
937 1853 1267 1916 nefarium
1252 1854 1640 1933 impiumque,
1672 1849 2009 1914 defendere.
2055 1851 2193 1914 Vult
2214 1854 2327 1915 hoc
2348 1854 2501 1918 mul-

348 1939 575 2014 titudo,
633 1939 857 2019 patitur
900 1940 1300 2014 consuetudo,
1352 1940 1469 2000 fert
1512 1939 1686 1999 etiam
1730 1937 2085 1999 humanitas.
2154 1938 2371 2001 Iudicis
2415 1946 2503 2001 est

352 2041 592 2103 semper
621 2024 683 2084 in
716 2023 911 2084 causis
930 2042 1132 2084 verum
1158 2024 1346 2102 sequi,
1371 2023 1608 2104 patroni
1638 2041 1762 2083 non
1796 2041 2120 2101 numquam
2150 2025 2273 2085 veri
2301 2024 2507 2098 simile,
2550 2035 2609 2087 20

422 2141 472 2193 2.
508 2140 617 2191 duo
640 2138 874 2191 Luculli.
930 2138 1030 2191 Der
1062 2140 1240 2205 Augur
1264 2138 1380 2192 Sen-

352 2207 508 2262 vilius
562 2207 705 2259 hatte
757 2206 810 2258 L.
863 2206 1087 2259 Licinius
1138 2207 1378 2260 Lucullus

352 2290 538 2342 wegen
557 2274 927 2328 Unterschleiss
947 2275 1250 2342 angeklagt,
1287 2291 1379 2331 aus

351 2344 524 2397 Rache
543 2342 691 2396 dasfir
715 2358 879 2410 zogen
901 2343 992 2396 ihu
1024 2343 1210 2397 dessen
1227 2344 1378 2399 beide

353 2412 528 2465 Sohne
550 2411 735 2464 Lucius
761 2411 801 2474 (Ι
824 2411 857 2479 ξ
880 2412 1001 2476 140)
1034 2412 1137 2465 und
1156 2411 1377 2476 Marcus,

350 2480 442 2534 der
458 2496 562 2532 von
593 2479 662 2532 Μ.
681 2479 953 2533 Terentius
970 2479 1134 2535 Varro
1154 2480 1378 2548 adoptirt

352 2547 546 2613 wurde,
587 2548 663 2600 als
698 2546 977 2616 Jnnglinge
1012 2564 1107 2603 vor
1139 2548 1373 2610 Gericht;

351 2616 508 2670 Acad.
543 2616 584 2669 11
626 2621 668 2681 l,
696 2620 742 2669 1.

421 2690 476 2806 Ξῖ
500 2684 1374 2819 P125.5.²⁶·²2‘;{..3⁰5532.X5‘{f³30

355 2824 472 2885 108)
509 2820 778 2886 verklagte
812 2820 873 2873 Τ.
906 2819 1157 2873 Albucius
1191 2834 1375 2887 wegeu

350 2889 762 2955 Erpressungen,
810 2887 894 2940 die
928 2888 1095 2941 dieser
1140 2888 1218 2940 als
1252 2887 1376 2940 Pro-

352 2961 558 3024 praetor
583 2956 637 3007 in
656 2955 925 3009 Sardinien
953 2956 1209 3023 ausgeubt
1232 2957 1376 3017 hatte

350 3027 448 3079 621
470 3025 626 3089 (133).
652 3023 901 3079 Albucius
921 3024 1045 3091 ging
1061 3024 1195 3077 nach
1204 3009 1377 3083 Athen

351 3091 517 3147 indas
534 3091 677 3153 Exi1;
701 3090 855 3147 Tusc.
873 3091 1022 3158 V37,
1046 3095 1161 3147 108.
1209 3091 1377 3147 Uehcr

350 3164 412 3212 in
447 3161 540 3214 mit
575 3160 690 3214 dem
716 3159 927 3213 Ablativ
965 3132 1068 3227 vgl.
1106 3162 1284 3215 dicere
1318 3164 1378 3215 in

351 3229 536 3295 aliquo
573 3245 616 3282 z.
652 3227 674 3279 Ι
709 3227 743 3295 fi
761 3231 842 3285 28.

425 3304 473 3350 4.
503 3297 601 3350 M'.
619 3297 887 3363 Aquilius,
918 3295 1108 3353 Consul
1127 3296 1196 3348 im
1214 3294 1374 3351 J.653

351 3366 512 3430 (101),
546 3363 800 3417 beendete
832 3365 904 3417 im
928 3364 1206 3430 folgenden
1221 3363 1375 3421 Jahre

352 3432 454 3487 den
508 3431 976 3485 Sklavenaufstand
1034 3432 1088 3487 in
1149 3432 1376 3499 Sicilien,

352 3501 530 3554 wurde
555 3500 730 3554 indess
747 3504 849 3556 656
867 3503 977 3567 (98)
1006 3516 1110 3553 von
1127 3501 1179 3554 L.
1199 3500 1375 3553 Fufius

351 3585 536 3637 wegen
612 3569 1001 3636 Erpressungen
1078 3568 1375 3649 angeklagt,

352 3638 474 3691 aber
516 3653 621 3691 von
663 3636 732 3693 Μ.
768 3637 1025 3693 Antonius
1070 3637 1166 3695 mit
1209 3635 1375 3697 Glfick

350 3706 687 3839 ἔὲηὲιῖεἰᾶὶμς
723 3704 867 3759 Verr.
884 3705 1000 3771 Vl,
1018 3709 1070 3771 3,
1105 3705 1211 3771 vgl.
1230 3703 1372 3758 Brut.

421 3844 469 3897 8.
530 3841 893 3907 periculosum
950 3843 1086 3907 ipei:
1144 3840 1373 3895 insofem

351 3908 441 3961 der
463 3908 749 3975 Ankliiger,
785 3924 936 3961 wenn
970 3909 1078 3963 ihm
1112 3909 1374 3967 bewiesen

1484 2138 1687 2205 wurde,
1740 2138 1859 2191 dass
1911 2153 1967 2191 er
2012 2155 2107 2191 nur
2152 2155 2242 2192 aus
2279 2140 2512 2196 Chikane

1479 2206 1696 2274 geklagt
1730 2207 1881 2273 habe,
1917 2207 2182 2260 entweder
2216 2207 2330 2266 eine
2353 2209 2506 2264 Geld·

1483 2276 1642 2331 strat'e
1671 2275 1827 2340 erlitt,
1859 2274 1985 2328 oder
2013 2276 2119 2328 ihm
2144 2278 2274 2329 nach
2293 2277 2383 2331 der
2416 2279 2505 2331 lex

1480 2344 1719 2397 Rmmia
1755 2343 1838 2396 ein
1875 2343 1930 2396 K.
1961 2344 2373 2411 (Kalumniator)
2417 2347 2509 2401 auf

1482 2411 1564 2464 die
1584 2411 1723 2467 Stirn
1744 2412 1996 2478 gebrannt
2012 2412 2188 2465 wurde
2218 2414 2322 2466 und
2342 2430 2396 2469 er
2412 2415 2504 2468 dns

1481 2479 1647 2533 Recht
1681 2480 1758 2532 als
1795 2480 1983 2546 Kliiger
2029 2479 2352 2534 aufzutreten
2381 2498 2506 2541 ‚ver-

1478 2548 1580 2610 lor;
1618 2565 1659 2601 3.
1677 2548 1825 2600 Halm
1856 2564 1901 2602 z.
1931 2564 2007 2615 pr.
2028 2547 2080 2600 S.
2100 2547 2253 2603 Rose.
2279 2549 2414 2616 §55.
2436 2579 2504 2601 —-.—

1477 2616 1577 2669 Der
1645 2615 1869 2671 Infinitiv
1941 2619 2269 2669 committere
2341 2618 2505 2673 bildet

1477 2685 1775 2752 Epexegese
1810 2701 1874 2736 zu
1910 2684 1983 2739 id.

1555 2757 1631 2808 10.
1686 2752 1756 2805 M.
1818 2753 2045 2803 Brutus.-
2100 2751 2244 2807 Brut.
2280 2755 2371 2818 34,
2407 2756 2502 2808 130

1477 2821 1675 2873 eisdem
1710 2823 2037 2886 temporibus
2082 2821 2153 2873 M.
2191 2793 2394 2875 Brutu’s
2427 2850 2467 2863 -·-
2481 2843 2502 2886 ,·

1475 2893 1574 2955 qui
1620 2904 1741 2940 eum
1788 2893 1938 2939 tanto
1982 2893 2202 2941 montino
2235 2895 2368 2943 esset
2404 2907 2503 2958 pa—

1476 2963 1717 3023 nemque
1743 2960 2004 3023 optimum
2033 2959 2213 3009 virum
2235 2960 2505 3013 habuisset

1477 3031 1533 3076 et
1580 3028 1720 3077 iuris
1748 3027 2164 3091 peritissimum,
2203 3031 2502 3079 accusatio-

1478 3108 1601 3145 nem
1630 3091 1994 3159 factitaverit,
2040 3098 2105 3143 ut
2135 3094 2361 3149 Athenis
2393 3095 2502 3162 Ly-

1477 3176 1697 3227 curgus.
1756 3161 1808 3212 Is
1839 3164 2191 3226 mag-istmms
2223 3178 2335 3215 non
2364 3166 2503 3229 poti-

1480 3232 1583 3295 vit,
1632 3229 1727 3285 sed
1766 3227 1881 3290 fuit
1915 3234 2197 3281 accusator
2229 3233 2502 3287 vellerum

1479 3303 1533 3349 ot
1563 3298 1829 3351 molestus.
1882 3296 1997 3353 Wie
2022 3298 2257 3351 verbasst
2290 3299 2375 3351 ein
2398 3300 2502 3352 sol-

1478 3367 1600 3419 cher
1635 3382 1768 3432 war,
1815 3364 1905 3419 der
1940 3366 2031 3423 das
2065 3365 2271 3433 Anklag
2273 3381 2337 3419 en
2381 3383 2500 3421 zum

1476 3433 1769 3497 Handwerk
1802 3434 2005 3487 machte
2020 3472 2035 3499 ,
2084 3434 2219 3489 sieht
2253 3449 2371 3486 man
2405 3449 2499 3491 aus

1477 3501 1578 3555 den
1633 3502 1850 3556 Worten
1916 3501 2007 3555 des
2066 3502 2275 3555 Crassus
2333 3516 2500 3569 gegen

1478 3569 1665 3631 Brutus
1700 3571 1764 3631 de
1800 3587 1871 3627 or.
1905 3571 1948 3623 11
1979 3574 2075 3637 55,
2100 3572 2200 3627 226
2236 3570 2504 3637 quidquid

1477 3644 1557 3692 eet
1604 3643 1751 3691 vocis
1801 3655 1867 3690 ac
1925 3640 2170 3705 linguae,
2229 3652 2386 3692 omne
2437 3643 2499 3693 iu

1474 3710 1636 3759 istum
1649 3710 2016 3774 turpissimum
2028 3707 2330 3761 calumniae
2341 3722 2500 3774 quae-

1474 3779 1616 3833 stum
1650 3776 1939 3830 contulisti.
2000 3774 2100 3828 Der
2135 3775 2294 3829 Vater
2328 3775 2498 3833 dieses

1477 3842 1545 3905 Μ.
1581 3842 1769 3897 Brutus
1803 3844 1948 3899 hatte
1984 3846 2015 3897 3
2047 3842 2251 3901 Bucher
2282 3845 2349 3896 de
2378 3849 2498 3901 iure

1478 3911 1627 3969 civili
1659 3910 2021 3978 geschrieben,
2055 3911 2124 3965 ib.
2160 3912 2195 3979 ὅ
2220 3915 2335 3971 223.
