2813 4537
180 1223 240 1275 10

176 1648 236 1702 15

829 323 837 331 .
878 275 962 332 DE
1000 274 1260 329 OFFICIIS
1294 274 1413 330 ΠΒ.
1446 275 1505 330 11.
1577 275 1717 330 CAP.
1743 280 1822 331 19.
2314 274 2436 337 163

288 457 459 524 esset,
491 449 737 513 scientia
765 448 936 511 facile
965 448 1215 511 vicisset.
1259 449 1421 511 Haec
1443 449 1623 531 igitur
1653 468 1833 529 opera
1856 458 2021 529 grata
2048 451 2250 513 multis
2278 459 2339 512 et
2365 453 2438 513 ad

286 534 593 597 beneficiis
623 534 1080 614 obstringendos
1109 534 1385 596 homines
1413 536 1871 596 accommodata.
1939 535 2130 616 Atque
2159 536 2299 597 huic
2328 537 2438 598 arti
2480 549 2541 600 66

286 620 537 683 finitima
567 628 659 682 est
686 619 921 681 dicendi
950 615 1233 704 [gravior]
1263 620 1510 682 facultas
1531 629 1591 682 et
1612 620 1839 701 gratior
1866 627 1925 681 et
1954 621 2238 682 ornatior.
2284 621 2440 693 Quid

287 705 447 767 enim
499 705 837 784 eloquentia
885 704 1299 785 praestabilius
1347 705 1441 766 vel
1489 706 1878 767 admiratione
1928 706 2293 767 audientium
2348 708 2440 769 vel
2521 713 2530 750 ῖ

282 810 390 871 spe
419 790 815 870 indigentium
843 791 935 852 vel
965 809 1192 865 eorum,
1239 790 1340 869 qui
1363 791 1594 852 defensi
1623 799 1782 866 sunt,
1813 788 2041 869 gratia?
2100 791 2255 852 Huic
2296 810 2438 872 ergo

284 895 317 936 a
362 876 687 938 maioribus
713 876 936 938 nostris
964 883 1054 937 est
1083 875 1144 936 in
1176 883 1315 954 toga
1340 875 1654 955 dignitatis
1688 875 2060 956 principatus
2089 877 2278 938 datus.
2338 877 2439 937 Di-

283 961 424 1040 serti
455 961 635 1041 igitur
662 960 924 1022 hominis
970 969 1029 1021 et
1056 960 1225 1020 facile
1269 960 1620 1035 laborantis,
1667 963 1946 1039 quodque
1991 961 2054 1021 in
2097 961 2307 1041 patriis
2351 971 2442 1024 est

282 1046 581 1121 moribus,
623 1047 950 1107 multorum
980 1064 1185 1107 causas
1215 1052 1276 1107 et
1305 1064 1430 1106 non
1460 1054 1695 1126 gravate
1736 1054 1795 1107 et
1824 1047 2081 1126 gratuito
2112 1047 2438 1109 defenden-

283 1132 359 1193 tis
385 1131 673 1193 beneficia
704 1138 764 1192 et
793 1130 1121 1210 patrocinia
1152 1131 1266 1191 late
1296 1138 1520 1210 patent.
1581 1131 1951 1192 Admonebat
1977 1150 2074 1193 me
2103 1150 2199 1194 res
2230 1140 2297 1194 ut
2324 1132 2440 1193 hoc

284 1235 524 1297 quoque
567 1216 700 1278 loco
745 1216 1248 1278 intermissionem
1295 1215 1701 1295 eloquentiae,
1757 1235 1834 1277 ne
1878 1218 2067 1279 dicam
2112 1217 2439 1293 interitum,

283 1303 672 1381 deplorarem,
703 1302 766 1363 ni
791 1320 1028 1363 vererer
1056 1319 1134 1363 ne
1165 1302 1238 1362 de
1267 1319 1362 1362 me
1392 1301 1522 1381 ipso
1552 1301 1772 1381 aliquid
1810 1302 2042 1363 viderer
2072 1303 2260 1383 queri.
2323 1304 2439 1365 Sed

2482 1144 2542 1195 67

281 1396 481 1449 tamen
510 1387 793 1462 videmuS,
828 1387 1044 1467 quibus
1067 1386 1373 1448 exstinctis
1396 1387 1733 1448 oratoribus
1756 1405 1932 1467 quam
1961 1388 2023 1448 in
2049 1388 2255 1468 paucis
2283 1407 2438 1468 speS‚
2511 1393 2527 1433 -'

282 1481 505 1551 quanto
535 1473 599 1534 in
630 1472 1013 1553 paucioribus
1041 1472 1309 1547 facultaS,
1345 1490 1524 1552 quam
1551 1473 1613 1534 in
1644 1472 1847 1534 multis
1874 1473 1951 1534 sit
1972 1474 2232 1534 audacia.
2293 1473 2440 1535 Cum
2521 1483 2531 1508 ¹

280 1566 479 1619 autem
510 1576 717 1619 omnes
747 1577 872 1619 non
902 1558 1153 1637 possint,
1201 1577 1278 1618 ne
1307 1558 1480 1619 multi
1511 1558 1768 1637 quidem,
1799 1566 1899 1619 aut
1929 1558 2076 1620 iuris
2104 1559 2281 1637 periti
2311 1578 2438 1621 esse

280 1651 381 1706 aut
409 1643 639 1717 diserti,
684 1643 822 1704 licet
850 1651 1049 1703 tamen
1096 1661 1277 1722 opera
1305 1644 1591 1722 prodesse
1632 1643 1851 1718 multiS,
1897 1643 2182 1705 beneficia
2226 1652 2437 1723 peten-

279 1781 364 1843 41,
387 1780 482 1828 153
504 1778 591 1827 hie
609 1778 751 1825 enim
770 1775 958 1826 attulit
978 1778 1117 1827 hane
1135 1782 1307 1827 artem
1411 1776 1503 1836 (ne
1538 1778 1658 1840 quis
1692 1778 1756 1827 ob
1794 1791 2009 1826 eausam
2052 1776 2315 1827 orandam
2341 1793 2438 1842 pe·-

279 1848 519 1896 omnz'um
571 1846 773 1894 artium
821 1846 1118 1895 maximam
1155 1843 1308 1906 (wis-
1411 1845 1630 1894 cuniam
1665 1843 1929 1894 donumve
1963 1846 2219 1909 accipiat)
2257 1843 2434 1896 wurde

278 1911 679 1964 senschaftliche
729 1910 1098 1978 Behandlung)
1151 1915 1309 1978 quasi
1409 1926 1467 1963 es
1500 1912 1768 1977 verboten,
1805 1910 1903 1963 den
1925 1910 2172 1964 Beistand
2212 1926 2306 1963 vor
2341 1911 2436 1965 Ge·

280 1980 448 2032 lueem
472 1980 546 2031 ad
567 1996 647 2046 ea,
684 1996 821 2046 quae
844 1978 1066 2041 confuse
1089 1982 1154 2032 ab
1180 1981 1306 2031 aliis
1406 1978 1540 2032 richt
1576 1979 1685 2032 sich
1729 1979 1980 2032 bezahlen
2014 1995 2078 2031 zu
2112 1979 2311 2041 lassen3
2369 1996 2433 2033 zu

279 2054 377 2101 aut
391 2049 855 2116 respondebantur
872 2053 971 2099 aut
985 2051 1306 2115 agebantur.
1411 2048 1613 2100 Ciceros
1632 2047 1745 2100 Zeit
1766 2062 1877 2100 war
1891 2047 1974 2099 ein
1993 2048 2324 2115 palmarium
2346 2047 2435 2100 da-

347 2120 393 2171 3.
407 2120 667 2183 gravior.-
685 2116 843 2169 sehon
862 2115 944 2168 die
959 2115 1198 2184 Stellung
1211 2117 1303 2169 des
1410 2116 1491 2168 fiir
1514 2132 1578 2168 zu
1604 2117 1821 2169 nebmen
1852 2115 1994 2168 nicht
2016 2132 2084 2169 un
2123 2116 2430 2169 ewohnlich.

276 2184 484 2239 Wortes
530 2185 702 2239 macht
750 2200 806 2237 es
856 2185 1297 2251 wahrscheinlich,
1404 2183 1475 2237 So
1524 2182 1730 2237 werden
1777 2184 1909 2237 auch
1946 2183 2125 2237 Para.
2162 2184 2230 2236 VI
2264 2188 2325 2252 2,
2362 2188 2430 2238 46

276 2253 394 2307 dass
418 2270 475 2307 es
502 2254 579 2307 als
602 2253 757 2308 andre
780 2254 957 2307 Losart
981 2253 1062 2307 fiir
1078 2257 1301 2321 gratior
1402 2253 1457 2305 in
1477 2252 1567 2306 der
1588 2252 1928 2321 Schilderung
1964 2251 2056 2305 des
2090 2254 2245 2305 homo
2272 2270 2432 2320 quae-

274 2323 327 2375 in
353 2322 453 2375 den
470 2321 604 2376 Text
628 2322 933 2389 gekommen
951 2323 1037 2387 ist,
1060 2318 1300 2376 fiberdies
1401 2327 1614 2373 stuosus
1665 2322 1747 2375 die
1801 2322 2101 2373 mercedum
2154 2327 2432 2388 pactiones

312 2395 420 2443 esst
466 2405 522 2442 es
558 2390 700 2442 nicht
746 2407 811 2442 zu
847 2389 963 2442 dem
1002 2389 1301 2445 Gedanken.
1402 2393 1464 2440 in
1491 2393 1821 2456 patrociniis
1856 2391 2104 2442 erwahnt.

318 2474 419 2511 enn
441 2458 496 2510 in
513 2461 706 2524 gravis
727 2457 856 2524 liegt
890 2457 1070 2509 immet
1092 2458 1182 2510 der
1203 2457 1302 2509 Be·-
1472 2459 1522 2510 9.
1559 2458 1937 2509 admonebat—
1956 2461 2019 2507 ni
2051 2474 2280 2511 vererer.
2332 2458 2431 2510 Der

275 2525 399 2594 griff
424 2525 517 2578 der
549 2525 741 2578 Wfirde
793 2523 898 2577 und
947 2524 1037 2577 des
1073 2525 1298 2590 Ernstes,
1402 2523 1714 2577 indicativus
1736 2524 2026 2593 Imperfecti
2055 2526 2196 2579 steht
2219 2542 2309 2578 zur
2333 2525 2430 2578 Be—

274 2595 597 2648 welcherder
605 2591 991 2646 Beredsamkeit
1005 2593 1147 2645 nicht
1156 2594 1300 2644 mehr
1403 2591 1694 2658 zeichnung
1727 2593 1941 2657 dessen‚
1994 2607 2102 2644 was
2140 2593 2428 2646 theilweise

273 2664 351 2716 als
386 2663 476 2716 der
508 2662 680 2730 Jurisp
682 2660 873 2714 rudenz
914 2659 1194 2714 zukommt.
1402 2659 1565 2712 sehon
1619 2660 1938 2727 eingetreten
1993 2660 2087 2726 ist,
2140 2661 2245 2714 und
2279 2666 2430 2714 unter

342 2734 390 2785 6.
428 2734 487 2781 in
518 2680 680 2795 togap
700 2730 748 2781 d.
770 2730 806 2783 i.
843 2732 902 2779 in
932 2729 1194 2794 paee,1§
1215 2731 1298 2781 77.
1402 2728 1543 2779 einer
1599 2728 1717 2781 blos
1779 2727 2064 2794 gedachten
2123 2728 2429 2808 'Bedingung

272 2798 382 2851 Den
411 2798 648 2865 gleichen
665 2796 945 2850 Gedanken
975 2796 1172 2864 spricht
1193 2796 1296 2849 Cic.
1401 2795 1640 2847 wirklich
1693 2795 2010 2862 eingetreten
2064 2797 2175 2849 sein
2232 2797 2426 2853 wfirde.

272 2866 336 2919 de
372 2869 503 2921 orat.
536 2866 557 2916 Ι
590 2869 732 2930 4,15
769 2879 889 2918 aus:
927 2870 1086 2916 erant
1118 2870 1298 2916 autem
1400 2863 1510 2916 ‘Die
1536 2863 1700 2916 Sache
1735 2863 1928 2917 fordert
1963 2865 2099 2916 mich
2134 2865 2295 2918 auf-
2322 2866 2426 2919 und

272 2936 400 2986 huie
420 2933 604 2986 studio
627 2934 1013 2999 (eloquentiae)
1037 2936 1298 2999 maxima,
1399 2932 1483 2985 ich
1511 2932 1687 2985 wurde
1705 2932 1816 2985 dies
1835 2932 2009 2999 thuen,
2036 2949 2189 2986 wenn
2207 2949 2264 2987 es
2283 2934 2426 2987 nicht

200 3054 207 3063 ,
269 3019 408 3070 quae
441 3019 588 3054 nune
621 3017 830 3074 quoque
861 3008 1012 3068 sunt,
1050 3005 1298 3069 exposita
1400 3000 1641 3054 schiene'.
1712 3001 2039 3053 Namentlich
2082 3001 2168 3053 bei
2214 3001 2425 3056 Tacitus

265 3075 511 3140 praemia
532 3071 617 3122 vel
630 3072 707 3123 ad
718 3070 961 3136 gratiam
985 3072 1071 3122 vel
1083 3071 1158 3122 ad
1173 3087 1300 3137 opes
1398 3069 1468 3122 ist
1502 3070 1592 3122 der
1627 3068 2083 3137 Sprachgebrauch
2117 3070 2310 3136 haufig.

270 3142 354 3193 vel
386 3141 460 3195 ad
491 3140 626 3206 dign
628 3143 832 3192 itatem.
1469 3140 1572 3189 hoe
1590 3154 1801 3204 quoque
1824 3138 1956 3190 loco.
1996 3137 2105 3189 Den
2122 3137 2317 3190 Verfall
2335 3138 2426 3190 der

337 3213 386 3261 7.
414 3207 596 3270 facile,
621 3223 763 3275 g.ern
782 3207 848 3260 ad
867 3206 1026 3260 Attio.
1043 3205 1134 3258 XII
1161 3208 1244 3272 34,
1267 3210 1297 3259 t
1398 3205 1785 3258 Beredsamkeit
1830 3205 2043 3272 beklagt
2082 3205 2184 3259 Cic.
2234 3205 2423 3272 hiiufig,

269 3292 368 3342 ego
387 3277 704 3327 hievelsine
721 3276 879 3327 Sicca
894 3273 1295 3342 facillimepoe-
1399 3290 1460 3326 so
1493 3273 1637 3327 Brut.
1663 3277 1712 3339 6,
1732 3276 1814 3326 21.
1851 3276 1936 3339 42,
1962 3277 2073 3328 157.
2115 3276 2198 3341 97,
2219 3272 2387 3327 3311Ῐὶ

267 3361 377 3396 sem
412 3360 535 3409 esse,
568 3349 632 3394 ut
664 3347 724 3394 in
758 3343 932 3395 malis.
988 3342 1097 3394 xm
1133 3345 1224 3408 26,
1261 3346 1293 3395 2
1475 3344 1552 3396 13.
1588 3342 1849 3394 audacia.-
1876 3342 2017 3395 Brut.
2038 3345 2121 3409 96,
2139 3345 2239 3396 330
2264 3348 2424 3395 neunt

270 3414 444 3465 Iocum
479 3413 645 3463 habeo
681 3412 907 3477 nullum,
946 3413 1043 3462 ubi
1073 3410 1297 3473 facilius
1397 3409 1474 3462 sie
1493 3410 1595 3463 Cic.
1616 3411 1952 3478 impudentes
2040 3427 2161 3463 ocos
2178 3412 2423 3478 eloquen-

266 3499 376 3603 {2⁸5⁶
389 3483 807 3602 333333
834 3478 1294 3614 Arc-w
1395 3481 1532 3599 335.
1549 3478 2424 3614 35ὲῑ,ῑ3ῖ.ἓ“.ιὲι.ἓιξ3ῑιέῑ

268 3622 406 3682 vate,
430 3617 521 3670 das
546 3617 638 3669 das
663 3615 979 3669 freundliche
1001 3616 1293 3683 Entgegen-
1396 3620 1586 3669 treten.

267 3686 508 3738 kommen
552 3685 639 3737 bei
687 3685 778 3738 der
811 3683 1164 3737 Uehernahme
1199 3685 1293 3738 des
1470 3688 1549 3738 15.
1606 3684 1890 3749 beneficia,
1945 3683 2028 3735 die
2062 3682 2274 3734 Aemter
2319 3682 2424 3735 und

267 3753 542 3806 Processes
575 3754 892 3806 bezeichnet.
1396 3751 1651 3818 Wurden,
1717 3722 1917 3804 welche
1976 3750 2132 3804 theils
2191 3750 2423 3803 einzelne

336 3824 387 3875 8.
414 3826 692 3887 gratuito.-
725 3821 909 3875 darauf
939 3821 1147 3873 bezieht
1180 3821 1293 3872 sich
1397 3820 1498 3872 wie
1545 3820 1638 3872 das
1686 3819 2097 3887 Kriegstribunat
2130 3818 2237 3871 und
2271 3816 2424 3870 Prae-

267 3890 416 3956 quod
432 3893 493 3940 in
513 3894 713 3957 patriis
733 3896 810 3942 est
824 3892 1080 3941 moribus.
1117 3887 1291 3940 Schon
1396 3888 1656 3953 fecturen‚
1716 3888 1870 3940 theiis
1925 3886 2018 3940 das
2071 3886 2210 3941 Volk
2264 3885 2422 3939 durch

267 3957 426 4012 durch
442 3957 525 4010 die
543 3958 632 4009 lex
645 3959 828 4011 Oineia
842 3956 1025 4011 vomJ.
1037 3958 1291 4022 550(204)
1396 3956 1539 4008 seine
1573 3955 1728 4007 Wahl
1767 3956 2001 4008 verleiht.

2010 4038 2113 4093 11*
2174 4086 2179 4093 .
