2813 4537
390 284 473 347 82
1019 286 1103 341 DE
1139 285 1400 340 OFFICIIS
1438 286 1555 343 Lm.
1573 287 1610 341 1.
1682 285 1825 341 cAP.
1842 288 1925 342 26.

389 461 728 544 superiores
772 462 986 535 simus,
1044 468 1209 523 tanto
1264 477 1376 522 nos
1426 476 1699 539 geramus
1733 458 2141 521 xsummissius.
2229 459 2544 522 Panaetius

390 548 628 629 quidem
672 546 1051 609 ‘Africanum
1078 546 1405 609 auditorem
1453 553 1510 605 et
1553 543 1898 606 familiarem
1941 563 2116 606 suum
2159 543 2419 607 solitum’
2464 544 2545 607 ait

391 633 629 707 ‘dioere,
660 643 727 693 ut
755 650 939 713 equos
959 642 1209 713 propter
1238 630 1475 693 crebras
1504 630 1918 692 contentiones
1938 629 2302 712 proeliorum
2329 630 2545 692 feroci-

391 726 516 781 tate
547 716 904 779 exsultantes
945 716 1337 779 domitoribus
1378 715 1609 778 tradere
1651 716 1912 792 soleant,
1956 724 2025 777 ut
2066 716 2141 779 iis
2182 715 2546 778 facilioribus

393 804 625 886 possint
653 802 772 878 uti,
814 803 901 865 sio
939 802 1217 865 homines
1244 801 1523 863 secundis
1548 800 1728 863 rebus
1773 801 2089 863 effrenatos
2118 801 2350 883 sibique
2378 819 2545 882 prae-
2587 812 2618 861 5

392 889 642 951 fidentes
683 897 983 969 tamquam
1025 888 1087 949 in
1119 904 1325 968 gyrum
1370 886 1621 949 rationis
1665 895 1726 950 et
1754 887 2057 948 doctrinae
2086 886 2224 949 duci
2255 896 2548 968 oportere,

391 973 894 1055 utperspicerent
933 992 1131 1035 rerum
1173 973 1568 1035 humanarum
1606 971 2053 1034 inbecillitatem
2097 972 2551 1053 varietatemque

391 1057 701 1122 fortunae!
763 1059 958 1139 Atque
1001 1058 1175 1121 etiam
1204 1058 1268 1120 in
1299 1057 1746 1121 secundissimis
1768 1056 1948 1119 rebus
1978 1057 2230 1119 maxime
2258 1066 2346 1119 est
2374 1067 2550 1119 uten-

395 1145 535 1207 dum
567 1143 819 1205 consilio
847 1143 1171 1206 amicorum
1215 1143 1405 1224 iisque
1441 1143 1632 1205 maior
1659 1142 1836 1204 etiam
1868 1161 2043 1224 quam
2073 1151 2210 1206 ante
2235 1143 2548 1205 tribuenda

392 1229 623 1292 auctori
684 1247 733 1289 s.
820 1229 1131 1311 Isdemque
1173 1229 1544 1311 temporibus
1586 1229 1909 1291 cavendum
1953 1237 2044 1290 est
2091 1247 2169 1290 ne
2224 1237 2549 1291 assentato·
2591 1236 2650 1288 to

394 1313 559 1376 ribus
649 1314 1026 1376 atefaciamus
1073 1333 1246 1377 aures
1302 1332 1447 1376 neve
1502 1313 1728 1376 adulari
1784 1331 1896 1375 nos
1956 1314 2253 1389 sinamus,
2308 1314 2371 1376 in
2429 1331 2549 1395 quo

392 1398 515 1462 falli
570 1398 745 1460 facile
787 1408 895 1461 est.
982 1399 1154 1461 Tales
1213 1399 1372 1461 enim
1428 1418 1540 1462 nos
1583 1417 1710 1461 esse
1750 1406 2063 1479 putamus,
2120 1408 2188 1461 ut
2243 1400 2373 1462 iure
2423 1397 2550 1461 lau-

394 1486 632 1546 demur:
675 1502 746 1545 ex
790 1503 908 1565 quo
951 1493 1276 1547 nascuntur
1317 1484 1768 1547 innumerabilia
1798 1495 2069 1565 peccata,
2114 1502 2251 1547 cum
2277 1485 2553 1548 homines

397 1569 584 1631 inflati
633 1569 1019 1651 opinionibus
1064 1570 1320 1651 turpiter
1363 1569 1688 1632 irridentur
1731 1577 1790 1630 et
1832 1570 1895 1631 in
1940 1569 2209 1632 maximis
2245 1578 2554 1633 versantur

396 1653 716 1716 erroribus.
2598 1663 2655 1716 15

569 1738 685 1801 Sed
715 1740 860 1802 haec
889 1740 1126 1820 quidem
1158 1740 1462 1802 haetenus.
1535 1738 1687 1800 Illud
1717 1746 1913 1801 autem
1942 1740 2029 1802 sic
2059 1748 2148 1801 est
2175 1739 2551 1802 iudicandum

397 1825 679 1887 maximas
707 1826 832 1904 geri
861 1844 959 1887 res
987 1834 1047 1887 et
1073 1825 1307 1886 maximi
1338 1824 1521 1886 animi
1550 1824 1624 1886 ab
1651 1824 1743 1900 iis,
1774 1825 1876 1905 qui
1904 1843 2001 1886 res
2029 1824 2301 1907 publicas
2328 1835 2555 1905 regant,

397 1912 557 1992 quod
604 1928 804 1972 earum
845 1910 1273 1972 administratio
1317 1909 1604 1971 latissime
1647 1917 1839 1990 pateat
1869 1912 1938 1970 ad
1982 1908 2389 1991 plurimosque
2418 1929 2555 1992 per·

396 1996 613 2072 tineat‚
667 2013 799 2057 esse
841 2005 1037 2058 autem
1067 1996 1265 2074 magni
1310 1994 1492 2057 animi
1537 2002 1596 2056 et
1638 1994 1821 2057 fuisse
1850 1994 2072 2056 multos
2114 1996 2291 2058 etiam
2334 1997 2396 2058 in
2438 1997 2553 2059 vita

400 2082 623 2157 otiosa,
666 2081 768 2161 qui
799 2090 902 2143 aut
928 2081 1351 2160 investigarent
1377 2089 1480 2142 aut
1521 2088 1880 2142 conarentur
1907 2098 2117 2160 magna
2150 2082 2436 2163 quaedam
2463 2101 2556 2144 se·
2598 2087 2659 2139 2)

400 2184 583 2246 seque
613 2184 850 2228 suarum
880 2185 1080 2228 rerum
1109 2165 1334 2227 finibus
1361 2165 1740 2228 continerent
1767 2177 1868 2227 aut
1915 2165 2210 2229 interiecti
2237 2168 2393 2229 inter
2421 2167 2556 2248 phi-

401 2251 688 2333 losophos
715 2262 774 2313 et
803 2263 905 2314 eos
922 2297 939 2328 ‚
971 2252 1071 2333 qui
1102 2271 1228 2314 rem
1258 2250 1560 2334 publicam
1587 2249 2096 2327 administrarent,
2126 2252 2557 2315 delectarentur

399 2355 466 2398 re
494 2355 599 2398 sua
628 2337 898 2399 familiari
916 2384 933 2413 ,
964 2356 1090 2399 non
1122 2354 1251 2400 eam
1281 2338 1517 2419 quidem
1551 2336 1715 2398 omni
1743 2337 1975 2398 ratione
2005 2347 2424 2417 exaggerantes
2452 2357 2558 2400 ne-

401 2440 518 2504 que
549 2421 929 2485 excludentes
950 2422 1023 2485 ab
1055 2423 1188 2485 eius
1202 2441 1315 2485 usu
1346 2441 1491 2485 suos
1511 2421 1830 2504 potiusque
1861 2431 1919 2484 et
1938 2422 2141 2485 amicis
2169 2423 2559 2504 inpertientes

403 2515 464 2569 et
492 2507 579 2568 rei
609 2506 912 2589 publicae,
956 2508 1007 2571 si
1041 2510 1277 2589 quando
1308 2527 1453 2570 usus
1500 2517 1672 2570 esset.
1733 2505 1894 2578 Quae
1923 2508 2180 2589 primum
2210 2509 2364 2571 bene
2393 2517 2558 2590 parta
2600 2513 2660 2564 25

401 2592 478 2654 sit
509 2591 674 2654 nullo
706 2611 901 2674 neque
928 2594 1089 2675 turpi
1120 2601 1371 2674 quaestu
1400 2611 1598 2673 neque
1628 2592 1871 2668 odioso,
1913 2594 2127 2655 deinde
2154 2606 2439 2673 augeatur
2465 2612 2553 2656 ra·

474 2745 523 2795 7.
577 2759 638 2793 er
710 2745 916 2796 'eet-ent.
941 2742 1110 2795 Ueber
1128 2744 1226 2796 den
1248 2743 1435 2797 Wech·

404 2809 482 2863 sel
564 2825 620 2861 er
706 2824 914 2877 empora
960 2827 1001 2863 s.
1039 2827 1083 2864 z.
1123 2812 1156 2881 ς
1196 2814 1258 2864 87
1308 2828 1432 2864 eon-

406 2878 696 2929 tenderent.

478 2948 555 2998 10.
594 2947 1039 2996 assentatoribus.-
1064 2945 1156 2999 das
1173 2946 1324 3000 Wort
1339 2947 1433 3000 hat

1608 2744 1687 2795 16.
1737 2742 1884 2794 Illud
1915 2746 2128 2793 autem:
2174 2744 2280 2810 vgl.
2318 2744 2451 2813 §70-
2500 2743 2556 2796 ln

1534 2809 1616 2878 §7
1629 2814 1650 2863 1
1678 2810 1749 2862 ist
1772 2810 1856 2862 die
1872 2809 2237 2879 Betheiligung
2260 2827 2343 2865 am
2362 2810 2558 2865 Staats-

1533 2878 1686 2930 leben
1700 2918 1715 2944 ,
1761 2892 1916 2931 wenn
1951 2878 2034 2931 die
2068 2879 2395 2947 Befahigung
2427 2881 2557 2933 dazu

1533 2945 1829 3000 vorhanden
1876 2946 1971 3012 ist,
2024 2948 2099 3000 als
2146 2946 2335 3001 Pflicht
2380 2948 2558 3015 hinge-

403 3015 586 3065 immer
602 3013 752 3065 einen
769 3013 1046 3066 tadelnden
1068 3012 1195 3067 Sinn
1213 3041 1281 3061 ε-
1298 3016 1432 3067 adu-

406 3081 617 3147 latores,
652 3096 694 3134 s.
731 3096 774 3133 z.
812 3080 852 3132 11
888 3081 1022 3150 §63-

476 3152 554 3204 11.
592 3149 814 3201 adulari
828 3150 987 3203 -steht
1019 3150 1105 3203 bei
1133 3151 1308 3204 Cicero
1345 3151 1430 3203 nie

472 3218 718 3279 ssiviseh;
772 3233 893 3271 man
939 3219 1030 3272 hat
1077 3218 1254 3272 darum
1298 3219 1431 3272 auch

440 3287 515 3339 ier
550 3302 644 3339 aus
680 3286 796 3339 dem
823 3286 976 3340 Dativ
1012 3291 1432 3340 assentatoribus

407 3371 495 3406 eos
529 3354 607 3406 als
640 3351 861 3420 Subject
894 3371 960 3408 zu
995 3359 1278 3423 ergiinzen,
1315 3372 1355 3408 s.
1385 3372 1430 3408 z.

404 3423 447 3476 11
471 3422 504 3491 ἦ
528 3425 607 3476 13.
643 3421 711 3473 ad
734 3422 854 3475 fam.
878 3421 900 3473 1
924 3425 973 3489 Ἰ,
994 3426 1025 3478 8
1050 3425 1197 3491 quod
1219 3440 1279 3475 eo
1307 3424 1433 3476 libo-

404 3494 522 3544 riue
568 3490 643 3541 ad
686 3494 740 3540 te
772 3488 972 3557 scribo,
1104 3495 1151 3544 ’a
1189 3496 1435 3544 nascenti

544 3576 572 3611 ο
621 3563 841 3611 nostrae
894 3559 1044 3611 laude
1093 3560 1312 3627 favisti,
1361 3564 1434 3611 si-

405 3575 621 3694 muzue
668 3627 815 3693 quod
858 3628 1008 3680 video
1056 3644 1167 3680 non
1201 3631 1435 3680 novitati

409 3713 516 3749 esse
536 3698 770 3749 invisum
788 3711 956 3748 meae.
991 3696 1055 3750 de
1079 3696 1181 3749 div,
1201 3696 1244 3748 11
1262 3696 1345 3761 18,
1364 3699 1430 3749 42

405 3769 1121 3901 mmmmm&
1141 3780 1434 3900 &ww

409 3904 598 3953 nitrua
640 3903 919 3966 inem-sque
958 3900 1254 3963 fulminum
1295 3905 1434 3953 exti-

409 3971 691 4034 mui-ssent,
728 3968 1027 4022 credidisse.

1532 3013 1701 3066 stellt:
1727 3014 1839 3067 hier
1854 3014 1955 3067 soll
1971 3015 2177 3083 gezeigt
2195 3016 2404 3069 werden
2416 3056 2430 3083 ,
2454 3016 2556 3069 wie

1533 3081 1664 3135 auch
1711 3082 1795 3134 fiir
1840 3082 1924 3135 die
1938 3122 1951 3149 ‚
2005 3083 2239 3137 welchen
2276 3083 2358 3137 die
2400 3085 2559 3137 adiu-

1531 3155 1715 3202 menta
1746 3166 1931 3202 rorum
1961 3153 2325 3217 gerendarum
2364 3152 2555 3217 fehlen,

1532 3218 1618 3270 die
1639 3217 1858 3284 Tugend
1891 3218 2033 3271 einer
2066 3221 2237 3285 holten
2258 3220 2558 3288 Gesinnung

1533 3285 1762 3352 moglich
1789 3286 1887 3351 ist,
1923 3288 2028 3339 und
2058 3288 2234 3342 darum
2253 3289 2386 3343 wird
2402 3289 2559 3341 noch-

1534 3354 1666 3407 mals
1684 3354 1775 3408 auf
1789 3354 1873 3407 die
1892 3354 1927 3423 ἦ
1941 3358 2002 3408 71
2025 3356 2378 3425 besproehene
2394 3357 2556 3423 Frage

1533 3421 2012 3490 zuruckgegaugen.

1604 3493 1686 3544 20.
1725 3496 1823 3544 emt
1853 3494 2241 3558 investigarent
2273 3496 2389 3544 ents
2452 3491 2559 3543 ‘cht

1534 3558 1652 3611 dem
1690 3565 1789 3611 aut
1805 3563 2093 3627 interiecti,
2129 3560 2363 3627 dagegen
2431 3559 2560 3612 ildet

1538 3633 1636 3679 aut
1670 3633 1999 3679 conarentur
2044 3629 2136 3680 mit
2181 3628 2299 3680 dem
2338 3626 2559 3680 Vorher-

1535 3696 1804 3765 gelienden
1839 3696 1924 3748 ein
1952 3696 2126 3762 Glied,
2164 3696 2228 3748 da
2262 3694 2414 3748 beide
2446 3696 2559 3748 sich

1535 3763 1627 3816 auf
1667 3763 1751 3816 die
1793 3763 1828 3832 ἦ
1869 3766 1929 3817 19
1966 3764 2072 3818 und
2107 3768 2168 3817 71
2207 3764 2558 3832 besprochene

1534 3831 2032 3886 wissenschaftliche
2089 3832 2390 3899 Forschnng
2453 3831 2559 3885 und

1534 3899 1863 3967 Darstellung
1894 3900 2158 3953 beziehen.
2319 3966 2322 3971 ι

1605 3971 1685 4021 24.
1718 3972 2036 4037 potiusque,
2071 3984 2117 4023 z.
2155 3969 2188 4035 ξ
2225 3970 2307 4021 22.
