2813 4537
855 277 951 332 DE.
977 274 1240 332 orrlcns
1277 278 1396 334 Lm.
1433 279 1468 334 1.
1540 279 1683 334 CAP.
1721 284 1771 336 6.

2313 281 2396 344 43

234 461 463 514 temere
485 451 919 515 adsentiamur:
950 452 1111 533 quod
1133 453 1337 515 vitium
1363 454 1624 533 effugere
1648 454 1749 535 qui
1769 456 1946 532 volet,
1972 475 2182 520 omnes
2200 468 2397 521 autem
2449 462 2460 469 '

236 537 391 600 :velle
420 536 659 614 debent,
680 536 992 600 adhibebit
1017 538 1091 601 ad
1121 539 1580 603 considerandas
1608 559 1708 603 res
1730 549 1788 602 et
1806 549 2045 624 tempus
2067 552 2126 606 et
2146 544 2397 623 diligen-

238 623 404 685 tiam.
480 622 746 686 Alterum
777 631 867 685 est
893 623 1120 701 vitium,
1160 624 1318 705 quod
1349 625 1585 706 quidam
1618 626 1795 688 nimis
1823 646 2103 707 magnum
2133 629 2395 692 studium

240 708 611 790 multamque
640 726 880 790 operam
910 710 974 771 in
1006 727 1103 772 res
1132 710 1418 773 obscuras
1437 719 1616 792 atque
1635 710 1909 775 difficiles
1930 715 2250 777 conferunt
2269 733 2397 777 eas·

162 804 200 856 5
243 795 502 876 demque
531 812 653 856 non
685 795 1066 858 necessarias.
1153 794 1384 867 Quibus
1413 796 1567 858 vitiis
1596 796 1904 861 declinatis
1933 800 2093 880 quod
2123 800 2185 861 in
2216 800 2398 863 rebus

242 879 516 942 honestis
544 889 603 942 et
631 879 975 961 cognitione
1003 880 1200 961 dignis
1242 900 1462 963 operae
1504 900 1800 965 curaeque
1841 894 2123 966 ponetur,
2167 885 2398 948 id·iure

242 964 599 1041 laudabitur,
643 973 713 1027 ut
756 966 820 1027 in
865 966 1184 1047 astrologia
1228 966 1292 1029 C.
1322 967 1666 1049 Sulpicium.
1683 969 2036 1046 audivimus,
2065 971 2129 1033 in
2158 988 2397 1050 geome-

243 1052 357 1113 tria
387 1050 522 1125 Sex.
552 1050 903 1133 Pompeium
933 1052 1046 1133 ipsi
1084 1052 1493 1133 cognovimus,
1537 1053 1756 1116 multos
1784 1054 1845 1117 in
1875 1055 2218 1132 dialecticis,
2259 1056 2399 1138 plus-⁴
2457 1062 2464 1073 '

242 1155 340 1199 res
369 1137 431 1199 in
462 1137 592 1199 iure
620 1136 807 1199 civili:
842 1156 992 1220 quae
1021 1136 1240 1200 omnes‘
1256 1147 1414 1201 artes
1439 1138 1505 1200 in
1533 1140 1657 1201 ¹veri
1686 1140 2138 1221 investigatione
2159 1159 2397 1204 versan-

132 1231 200 1283 10
239 1230 360 1298 tur,
405 1222 576 1285 cuius
618 1222 812 1285 studio
856 1242 888 1286 a
926 1223 1108 1286 rebus
1150 1224 1430 1304 gerendis
1472 1224 1686 1287 abduci
1730 1235 1935 1289 contra
1977 1226 2244 1291 officium
2289 1236 2398 1288 est.

242 1307 494 1370 Virtutis
522 1309 680 1370 enim
709 1308 839 1371 laus
869 1310 1066 1372 omnis
1094 1310 1156 1371 in
1189 1308 1427 1375 actione
1455 1309 1758 1373 consistit:
1790 1331 1823 1374 a
1849 1330 1962 1393 qua
1991 1322 2188 1375 tamen
2220 1312 2284 1375 fit
2307 1312 2401 1374 in-

242 1393 539 1456 termissio
569 1412 745 1475 saepe
773 1393 1068 1475 multique
1096 1395 1313 1457 dantur
1339 1396 1412 1458 ad
1456 1396 1647 1459 studia
1690 1397 1945 1460 reditus:
1990 1407 2116 1462 tum
2162 1397 2401 1476 agitatio

242 1479 481 1554 mentis,
528 1497 678 1560 quae
709 1496 1034 1565 numquam
1062 1480 1405 1561 adquiescit,
1449 1489 1647 1563 potest
1675 1500 1789 1544 nos
1817 1483 1879 1544 in
1907 1482 2120 1546 studiis
2147 1483 2401 1563 cogniti·
2515 1504 2535 1519 ·

246 1564 381 1627 onis
424 1563 599 1626 etiam
643 1564 772 1627 sine
817 1584 997 1647 opera
1046 1575 1246 1630 nostra
1277 1566 1610 1629 continere.
1649 1566 1870 1632 ‘Omnis
1897 1576 2097 1631 autem
2127 1567 2404 1649 cogitatio

144 1659 204 1710 15
246 1659 564 1731 motusque
615 1650 796 1712 animi
847 1659 949 1714 aut
999 1650 1060 1713 in
1110 1651 1380 1715 consiliis
1410 1652 1712 1733 capiendis
1740 1653 1813 1715 de
1842 1653 2023 1716 rebus
2049 1653 2318 1716 honestis
2348 1662 2406 1716 et

247 1735 687 1817 pertinentibus
715 1736 787 1798 ad
817 1736 971 1799 bene
1000 1736 1290 1818 beateque
1320 1737 1631 1800 vivendum
1660 1747 1764 1801 aut
1794 1738 1854 1800 in
1884 1739 2096 1802 studiis
2124 1739 2406 1801 scientiae

246 1820 724 1902 cognitionisque
767 1821 1115 1884 versabitur.
1204 1825 1289 1884 Ac
1318 1823 1391 1884 de
1421 1823 1614 1905 primo
1648 1823 1884 1904 quidem
1916 1823 2098 1886 oflicii
2126 1823 2293 1885 fonte
2316 1823 2405 1886 di·

243 1907 459 1969 ximus.

317 2078 364 2129 3.
402 2076 648 2127 Alterum
667 2078 745 2127 eet
762 2078 955 2127 vitium
968 2094 985 2126 .·
1021 2074 1104 2128 die
1121 2074 1275 2128 Form

249 2143 341 2196 der
399 2142 825 2210 grammatischen
871 2143 1056 2196 Abhin
1095 2142 1273 2211 igkeit‚

248 2211 336 2264 die
362 2212 416 2262 in
446 2211 537 2267 der
551 2210 864 2281 Apposition
886 2158 1177 2280 unumqag,
1206 2212 1274 2265 ist

246 2281 306 2334 in
324 2280 441 2333 dem
459 2280 900 2349 entsprechenden
915 2282 1147 2333 alter-um
1165 2280 1277 2336 aus·

246 2350 487 2470 gegeben
511 2348 614 2401 und
638 2348 694 2401 in
712 2349 862 2402 einen
888 2349 1274 2416 selbstandigen

293 2423 376 2471 atz
410 2419 822 2485 ubergegangen.
898 2418 932 2486 ξ
967 2420 1033 2472 66
1070 2419 1278 2470 duabus

246 2488 413 2538 rebus
462 2488 730 2553 cernitur,
789 2502 1020 2553 quarum
1072 2502 1185 2538 una
1218 2514 1277 2538 -.

248 2555 445 2607 Altera
479 2559 559 2606 est
588 2570 693 2606 ree.
745 2554 916 2622 5141,
957 2558 1069 2608 142.
1106 2553 1170 2607 de
1203 2569 1276 2607 or.

249 2623 272 2675 1
310 2623 393 2689 2¹1,
433 2625 529 2677 123
584 2625 683 2675 lun
715 2638 907 2675 caueae
934 2624 1277 2674 inveniebam

246 2692 417 2757 duas,
462 2706 629 2742 unam
664 2719 723 2742 -.
792 2692 986 2745 Altera
1020 2695 1099 2741 eat
1131 2693 1278 2742 haec.

322 2763 372 2812 4.
420 2758 755 2825 easdemque,
802 2759 887 2812 die
920 2758 1158 2826 zugleich
1192 2787 1275 2812 -.

252 2827 461 2880 Ebenso
495 2826 626 2879 wird
668 2833 723 2879 et
755 2831 803 2879 is
836 2827 1143 2896 gebraucht,
1189 2841 1277 2880 um

253 2896 408 2948 einen
442 2894 641 2963 Begriff
668 2896 1102 2950 hervorzuheben.

324 2968 375 3017 7.
414 2964 468 3016 0.
487 2964 788 3030 Sulpicium
817 2965 1153 3017 audivimus.-
1187 2963 1279 3017 der

252 3032 403 3086 Infin.
438 3032 509 3085 ist
542 3031 700 3086 leicht
736 3048 828 3086 aus
863 3033 980 3086 dem
1003 3034 1280 3099 vorherge-

253 3100 460 3154 henden
479 3100 893 3155 zwischensatze
916 3116 981 3153 zu
1007 3103 1276 3168 ergfinzen.

254 3170 312 3222 G.
350 3167 611 3236 Sulpicius
645 3168 802 3222 Galus
847 3184 959 3222 war
991 3169 1152 3237 Legat
1185 3168 1278 3222 des

254 3238 312 3290 1..
329 3237 579 3289 Aemilius
612 3235 823 3291 Paullus
857 3238 910 3290 in
945 3235 1281 3292 Macedonico

256 3304 365 3359 und
400 3308 501 3359 588
532 3307 673 3372 (166)
712 3306 916 3360 Consul.
953 3305 1029 3358 de
1053 3322 1159 3359 sen.
1201 3309 1281 3370 14,

252 3377 327 3427 49
352 3374 661 3425 videbamus
680 3377 740 3425 in
762 3374 941 3426 studio
966 3373 1285 3426 dimetiendi

254 3458 430 3509 paene
456 3442 593 3494 caeli
611 3446 773 3510 atque
801 3447 979 3494 terrae
998 3441 1051 3494 0.
1073 3442 1282 3508 Galum,

252 3510 590 3572 familiarem
605 3514 784 3577 patria
800 3513 899 3577 tui,
917 3510 1118 3577 Scipio.
1149 3509 1280 3563 Ptin.

258 3582 367 3631 nat.
392 3579 441 3630 h.
466 3577 508 3630 11
538 3581 615 3644 12,
635 3581 667 3633 9
703 3584 756 3630 et
775 3581 1045 3631 rationem
1103 3579 1283 3631 uidem

256 3645 502 3707 defectus
527 3650 812 3714 nudusque
829 3650 1040 3715 primus
1102 3651 1286 3699 omani

252 3718 478 3781 genev-is
495 3718 554 3766 in
575 3716 772 3783 vulgus
791 3716 993 3768 extulit
1009 3715 1287 3784 Sulpicius

264 3782 447 3848 Galus,
470 3786 567 3849 qm·
588 3786 777 3837 consul
799 3800 920 3838 eum
936 3783 1009 3836 M.
1026 3783 1284 3835 Marcello

256 3851 388 3916 fuit,
420 3852 516 3904 sed
549 3856 664 3904 tum
699 3856 951 3905 tribunus
981 3853 1221 3903 militum
1240 3880 1283 3890 —

254 3921 444 3988 pridie
481 3935 642 3986 quam
666 3923 849 3976 Perses
868 3938 972 3974 rex
997 3924 1286 3988 superatus

261 4005 297 4040 a
314 3988 505 4041 Paullo
525 3993 603 4040 est
624 3994 682 4042 in
713 3994 1018 4044 contionem
1035 3991 1101 4042 ab
1120 3993 1285 4057 impe-

1376 2081 1564 2129 ratore
1579 2076 1879 2143 productus
1893 2077 1968 2129 ad
1986 2076 2405 2144 praedicendam

1378 2145 1622 2211 eclipsin.
1657 2144 1764 2197 Liv.
1784 2148 1870 2210 44,
1890 2147 1971 2199 37.
2009 2145 2310 2211 astrologia
2335 2145 2405 2197 ist

1374 2212 1491 2266 also
1527 2213 1637 2266 hier
1672 2213 1814 2266 nicht
1850 2212 2252 2280 Sterndeuterei,
2286 2228 2407 2266 son-

1376 2280 1504 2338 dern
1538 2281 1882 2335 Astronomie.

1449 2352 1495 2404 8.
1555 2349 1685 2404 Sex.
1717 2352 2027 2417 Pompeius,
2082 2350 2263 2404 Oheim
2313 2350 2405 2403 des

1378 2416 1661 2485 Pompeius
1694 2416 1930 2485 Magnus.
2004 2419 2147 2473 Brut.
2184 2423 2270 2486 47,
2308 2421 2404 2473 175

1381 2485 1582 2540 Sextus
1624 2485 1804 2547 frater
1850 2490 1967 2539 eius
2006 2490 2409 2554 praestantissi-

1374 2569 1526 2674 m
1546 2556 2408 2690 ἕᾷῗεῗὲυἵᾶἴῖἷἝῗῧῷῗῢ

1372 2693 1709 2757 geometriae
1775 2696 1828 2742 et
1875 2706 2060 2743 rerum
2109 2695 2407 2744 stoicorum

1376 2762 1676 2812 scientiam.

1453 2831 1533 2880 10.
1553 2830 1710 2880 cuius
1725 2827 1908 2880 studio
1928 2828 2126 2881 abduci
2143 2832 2242 2881 cet.
2260 2847 2272 2884 z
2292 2843 2410 2881 aus-

1378 2895 1660 3032 {uhzlicsshir
1694 2896 1933 2950 dasselbe
1978 2896 1999 2948 l
2035 2911 2079 2949 c.
2116 2900 2181 2951 43
2202 2896 2256 2961 f„
2299 2895 2405 2963 vgl.

1424 2963 1476 3017 in
1501 3004 1512 3017 .
1645 2968 1689 3019 1.

1454 3035 1533 3086 12.
1587 3033 1827 3098 reditus,
1878 3031 2282 3101 Gelegenbeiten
2316 3049 2408 3086 zur

1380 3099 1680 3162 Ruckkehn
1716 3116 1757 3154 s.
1794 3100 1929 3168 §41.

1459 3172 1536 3222 14.
1571 3172 1690 3220 aine
1706 3183 1870 3236 opera
1888 3174 2107 3221 nostra.-
2135 3167 2270 3221 ohne
2289 3166 2407 3220 dass

1384 3237 1481 3289 wir
1514 3234 2013 3290 wissenschaftllche
2054 3236 2251 3302 Fragen
2292 3250 2409 3287 zum

1383 3302 2412 3440 3333?''ngGssffssssssss‘nssssnnulssessiss

2027 3412 2040 3437 2

1382 3440 1613 3495 mhende
1692 3441 1982 3495 eistesthiiti
2020 3440 2131 3494 keit
2170 3440 2285 3493 eine
2320 3440 2411 3491 Er-

1384 3510 1676 3576 weiterung
1723 3524 1933 3563 unserer
2024 3509 2288 3562 enntnisse
2333 3523 2412 3560 er-

1383 3578 1610 3631 streben.

1459 3647 1643 3698 Omnis
1670 3674 1716 3688 -
1744 3649 1967 3712 cogitat.
1996 3649 2094 3698 cet.
2130 3642 2301 3696 Damit
2322 3643 2414 3696 be-

1384 3714 1632 3767 schrfinkt
1667 3713 1770 3768 Cic.
1818 3713 1903 3767 die
1942 3711 2264 3778 berechtigte
2297 3710 2416 3764 Gei-

1384 3782 1776 3849 stestbitigkeit
1810 3780 1902 3834 auf
1925 3781 2009 3834 die
2032 3780 2416 3834 Bescblussfas-

1386 3865 1521 3917 sung
1548 3851 1676 3903 uber
1693 3849 1786 3903 das
1802 3849 1937 3903 Gute
1952 3849 2058 3902 und
2075 3849 2414 3901 Erkenntniss

1385 3919 1479 3971 des
1504 3918 1726 3971 Wahren
1762 3917 1867 3971 und
1902 3917 2143 3971 scbliesst
2177 3916 2260 3968 die
2294 3915 2413 3969 dem

1387 3985 1700 4053 Vergnngen
1718 3986 1969 4040 dienende
1981 3983 2283 4052 Tbitigkeit
2300 3997 2409 4036 aus.

2445 645 2501 696 19
