2813 4537
387 269 469 333 58
965 273 1049 327 DE
1085 272 1346 326 OFFICIIS
1381 271 1501 325 LIB.
1519 271 1556 325 1.
1604 270 1851 324 CAP.13.
1890 273 1969 327 14.

385 446 631 521 fallunt,
676 445 736 507 id
780 455 964 526 agunt
1008 455 1076 509 ut
1118 446 1228 508 viri
1272 444 1418 507 boni
1462 462 1591 506 esse
1632 442 1959 506 videantur.
2030 442 2115 505 De
2144 442 2364 506 iustitia
2394 445 2535 507 satis

386 532 627 595 dictum.
1620 586 1627 596 .

282 619 360 676 14
563 616 875 697 Deinceps,
899 625 965 679 ut
987 624 1110 678 erat
1131 613 1523 698 propositum,
1548 614 1619 677 de
1649 613 1955 676 benefic
1973 613 2176 676 entia
2207 632 2289 676 ac
2318 615 2403 676 de
2433 614 2530 675 li-

276 710 342 761 42
385 702 422 764 b
438 721 471 764 e
486 702 800 764 ralitate
823 701 1067 779 dicatur,
1091 720 1206 782 qua
1231 700 1469 781 quidem
1493 700 1640 762 nihil
1655 706 1743 762 est
1766 707 2011 762 naturae
2025 699 2529 762 hominisaccom·

385 788 699 864 modestius,
749 787 851 849 sed
894 787 1071 850 babet
1098 787 1315 849 multas
1342 786 1670 848 cautiones.
1742 784 2072 847 Videndum
2102 795 2191 846 est
2220 785 2378 847 enim
2408 786 2532 866 pri·
2574 797 2606 847 5

385 891 582 949 mum,
625 892 702 935 ne
733 872 890 935 obsit
917 872 1252 953 benignitas
1284 879 1342 933 et
1369 870 1444 933 iis
1472 871 1653 952 ipsis,
1706 869 1923 951 quibus
1950 869 2211 950 benigne
2238 870 2531 934 videbitur

384 958 512 1021 fieri
530 1005 546 1033 ‚
592 968 653 1020 et
681 958 926 1032 ceteris,
955 959 1170 1020 deinde
1201 976 1277 1019 ne
1306 957 1496 1019 maior
1524 956 1864 1036 benignitas
1890 956 1966 1018 sit
1994 974 2172 1037 quam
2200 956 2530 1034 facultates,

382 1053 507 1107 tum
539 1054 606 1107 ut
635 1062 743 1125 pro
772 1043 1057 1123 dignitate
1086 1044 1303 1124 cuique
1331 1042 1641 1104 tribuatur.
1701 1042 1768 1103 Id
1799 1042 1960 1103 enim
1989 1050 2079 1104 est
2106 1041 2364 1105 iustitiae
2392 1043 2531 1105 fun·

383 1130 758 1203 (lamentum,
800 1137 861 1191 at
903 1147 1077 1210 quam
1119 1130 1266 1192 haec
1305 1128 1615 1191 referenda
1658 1136 1799 1190 sunt
1839 1127 2072 1189 omnia..
2127 1127 2274 1189 Nam
2320 1136 2379 1189 et
2425 1130 2527 1210 qui

382 1214 789 1294 gratificantur
818 1214 1074 1296 cuipiam
1106 1215 1264 1296 quod
1288 1213 1444 1276 obsit
1470 1213 1577 1288 illi,
1609 1214 1705 1276 cui
1729 1213 2012 1295 prodesse
2032 1212 2181 1275 velle
2200 1212 2527 1286 videantur,
2575 1224 2632 1276 10

385 1318 507 1361 non
530 1299 783 1362 benefici
808 1318 1001 1383 neque
1021 1298 1311 1376 liberales,
1348 1299 1452 1361 sed
1475 1299 1791 1380 perniciosi
1814 1306 2207 1361 assentatores
2230 1298 2527 1362 iudicandi

383 1393 543 1460 sunt,
575 1394 632 1447 et
661 1385 763 1467 qui
793 1384 923 1447 aliis
954 1396 1193 1461 nocent,
1222 1392 1291 1447 ut
1318 1386 1395 1446 in.
1412 1385 1560 1447 alios
1589 1384 1860 1447 liberales
1888 1384 2027 1460 sint,
2061 1383 2125 1446 in
2158 1385 2356 1447 eadem
2388 1395 2528 1449 sunt

252 1468 340 1538 ‚43
383 1470 685 1547 iniustitia,
715 1481 782 1533 ut
811 1471 861 1533 si
891 1471 952 1533 in
984 1490 1152 1534 suam
1179 1488 1308 1533 rem
1336 1471 1526 1532 aliena
1551 1475 1911 1535 convertant.
1957 1468 2112 1532 Sunt
2132 1479 2328 1532 autem
2350 1471 2525 1535 multi

286 1618 291 1621 ,
385 1566 445 1618 et
485 1556 723 1637 quidem
765 1557 966 1638 cupidi
1011 1556 1344 1639 splendoris
1384 1565 1445 1618 et
1485 1555 1738 1635 gloriae,
1786 1556 1887 1637 qui
1917 1554 2179 1637 eripiunt
2207 1555 2338 1618 aliis
2367 1558 2526 1638 quod

383 1641 512 1704 aliis
540 1642 886 1722 largiantur,
930 1643 1091 1724 iique
1120 1642 1480 1705 arbitrantur
1509 1661 1572 1703 se
1600 1640 1900 1704 beneficos
1929 1641 1993 1702 in
2025 1659 2166 1703 suos
2195 1641 2420 1704 amicos
2443 1644 2528 1704 vi-
2570 1651 2630 1704 15

383 1744 515 1789 sum
545 1726 650 1798 iri,
683 1727 732 1789 si
761 1727 1127 1810 locupletent
1156 1747 1259 1790 eos
1289 1745 1664 1808 quacumque
1683 1727 1930 1789 ratione.
1988 1726 2054 1788 Id
2076 1735 2271 1788 autem
2295 1736 2526 1790 tantum

382 1812 545 1875 abest
586 1812 659 1875 ab
706 1813 936 1889 officio,
978 1822 1048 1876 ut
1086 1814 1234 1876 nihil
1274 1813 1464 1893 magis
1504 1812 1701 1875 officio
1742 1812 1931 1894 possit
1971 1830 2101 1874 esse
2143 1813 2523 1876 contrarium.

380 1896 712 1959 Videndum
742 1907 831 1961 est
858 1899 1057 1979 igitur,
1086 1907 1148 1962 ut
1174 1917 1240 1961 ea
1263 1897 1610 1961 liberalitate
1632 1906 1886 1975 utamur,
1917 1916 2068 1979 quae
2089 1898 2278 1980 prosit
2297 1899 2523 1975 amici5‚

382 1994 595 2044 noceat
624 1983 869 2046 nemini.
928 1982 1054 2055 Qua
1085 2003 1150 2046 re
1179 1984 1246 2045 L.
1277 1983 1496 2059 Sullae,
1528 1983 1592 2046 C.
1624 1983 1886 2046 Caesaris
1915 1983 2301 2064 pecuniarum
2330 1996 2523 2047 trans-

449 2118 494 2168 3.
534 2116 796 2183 deinceps,
857 2117 930 2168 lm
963 2115 1299 2185 Uebergange
1335 2133 1398 2170 zu
1502 2122 1730 2168 externa
1766 2133 2038 2182 quaeram.
2091 2117 2289 2170 Anders
2323 2118 2524 2171 verbalt

378 2183 547 2236 einem
582 2198 750 2237 neuen
774 2183 953 2237 Theile
989 2189 1107 2252 sagt
1131 2184 1232 2237 Cic.
1269 2190 1398 2238 stets
1503 2201 1559 2239 es
1584 2185 1694 2237 sich
1731 2184 1794 2237 de
1818 2184 1903 2237 off.
1928 2184 1949 2236 1
1979 2185 2012 2253 5
2037 2187 2101 2240 33
2138 2190 2200 2236 nt
2236 2191 2288 2236 et
2324 2190 2435 2253 ipse
2456 2202 2525 2237 ne

381 2253 652 2320 deinceps,
689 2253 906 2307 niemals
941 2254 1147 2307 deinde.
1217 2253 1399 2307 Zuerst
1502 2255 1636 2322 quid
1686 2253 1791 2306 tale
1832 2256 2056 2322 posthae
2103 2259 2155 2305 et
2207 2258 2372 2307 ceteri
2415 2258 2528 2307 sim

379 2321 588 2373 werden
615 2323 644 2374 3
666 2321 1154 2389 Einschrankungen
1179 2337 1400 2390 angege·
1500 2352 1554 2362 —
1584 2323 1868 2388 tardiore-⁹,
1904 2339 1987 2376 wo
2023 2323 2104 2375 die
2139 2323 2394 2389 Negation
2430 2340 2525 2376 nur

275 2453 280 2457 ι
376 2389 505 2456 ben,
541 2388 740 2442 welche
763 2390 846 2443 die
863 2389 1300 2458 Wohlthatigkeit.
1323 2407 1400 2443 er-
1501 2392 1573 2443 im
1613 2395 1656 2445 1.
1691 2390 1870 2443 Gliede
1905 2392 2060 2444 steht.

378 2456 537 2510 leidet
564 2458 670 2510 und
695 2461 725 2511 2
745 2458 916 2511 daven
932 2459 1253 2527 besprochen
1279 2459 1314 2527 5
1331 2461 1397 2513 42
1570 2463 1620 2513 9.
1647 2461 1831 2510 kaee-
1846 2463 2052 2524 omnia,
2070 2459 2153 2512 die
2171 2458 2525 2512 Vorschriften

376 2529 531 2579 -44.
579 2525 723 2579 Dann
746 2527 829 2579 bei
848 2526 1216 2607 Besprechung
1237 2527 1327 2581 der
1350 2532 1399 2582 3.
1501 2528 1630 2581 iiber
1642 2526 2089 2594 Wohlthiitigkeit.
2125 2526 2219 2579 Die
2230 2526 2524 2595 Gerechtig-

378 2595 608 2661 gezeigt‚
644 2593 762 2648 dass
784 2595 1068 2649 Rucksicht
1090 2612 1156 2649 zu
1178 2597 1399 2649 nehmen
1502 2596 1612 2649 keit
1657 2595 1821 2648 bildet
1866 2595 1948 2647 fur
1986 2595 2086 2648 alle
2121 2594 2404 2663 Tugenden
2439 2596 2523 2648 die

375 2663 470 2715 ist:
508 2664 599 2716 auf
632 2663 714 2716 die
748 2663 917 2717 Sitten
953 2664 1045 2717 des
1062 2665 1399 2733 Empffingers
1503 2663 1820 2731 Grundlagez
1865 2663 1970 2731 vgl.
2008 2663 2041 2731 5
2076 2667 2158 2716 62.
2204 2667 2315 2717 157.

375 2732 408 2796 5
424 2734 507 2796 45,
525 2732 616 2785 auf
629 2731 713 2784 die
726 2730 1119 2800 Verpfliehtung
1129 2749 1218 2786 zur
1229 2732 1399 2785 Dank-
1573 2736 1652 2786 12.
1678 2735 1737 2784 in
1757 2733 1940 2784 eadem
1954 2738 2082 2783 sunt
2097 2735 2393 2797 iniustitia,
2415 2733 2522 2799 vgl.

374 2798 578 2852 barkeit
606 2800 639 2867 5
664 2803 886 2864 47—49,
918 2800 1008 2853 auf
1035 2800 1118 2853 die
1150 2801 1397 2867 gesellige

376 2865 711 2933 Verbindung
729 2866 1054 2933 (allgemeine
1067 2867 1400 2936 Verbindung

376 2934 503 2987 aller
534 2933 814 2987 Menschen
850 2936 884 3002 5
908 2935 1055 3001 soff„
1092 2935 1396 2989 Verwandt-

375 3002 543 3055 sebast
568 3006 633 3056 53
648 3002 699 3069 ᾗ,
735 3003 1106 3057 Freundscbaft
1130 3007 1194 3057 55
1218 3004 1270 3070 f„
1307 3020 1395 3072 ge-

373 3071 680 3124 meinsames
724 3070 1003 3126 Vaterlaud
1048 3076 1131 3138 57,
1186 3074 1392 3126 aussere

373 3138 652 3193 Umstfinde
671 3143 772 3202 59).
820 3139 929 3192 Den
949 3139 1161 3194 Schluss
1178 3141 1270 3194 des
1289 3140 1394 3193 Ab·

372 3208 622 3261 schnittes
656 3208 822 3261 bildet
856 3208 946 3261 der
980 3208 1238 3274 Gedanke‚
1272 3209 1391 3264 dass

371 3276 425 3329 in
438 3276 613 3343 Bezug
626 3277 715 3329 auf
725 3277 807 3330 die
819 3276 896 3330 Ve
958 3278 1290 3344 ssiehtungen‚
1309 3278 1394 3331 die

372 3359 470 3396 uns
507 3344 590 3396 die
625 3344 920 3398 Gesellseba
947 3350 967 3398 t
1000 3346 1270 3412 aufer-lem,
1307 3346 1391 3399 die

372 3411 725 3466 Vorschriften
759 3413 903 3466 nieht
946 3415 1100 3467 allein
1136 3418 1390 3481 genugen.

441 3485 486 3534 5.
526 3485 800 3533 cautiones
833 3483 972 3535 steht
1000 3483 1111 3535 hier
1145 3483 1287 3535 nieht
1321 3484 1391 3535 im

362 3550 701 3614 juristiscben
724 3549 881 3602 Siune
915 3566 1020 3604 von
1056 3549 1393 3604 Sieherheits·

368 3617 610 3685 leistung‚
628 3618 850 3671 sondern
867 3619 950 3672 fiir
970 3620 1032 3671 id
1046 3620 1192 3685 quod
1206 3635 1393 3670 cavere

369 3692 592 3754 oportet.

438 3758 486 3808 6.
521 3771 590 3806 ne
625 3757 762 3807 obsit
796 3758 844 3807 b.
880 3760 933 3806 et
967 3784 1012 3793 —
1049 3760 1115 3806 et.
1173 3753 1302 3808 Dass
1336 3755 1390 3807 iu

270 3823 275 3826 ’
368 3822 536 3875 einem
554 3824 827 3889 negativen
848 3822 1003 3876 Satze
1023 3828 1173 3874 et-et
1192 3826 1391 3890 gesetzt

371 3890 520 3956 witti,
555 3890 715 3943 findet
752 3891 859 3944 sich
896 3891 1014 3944 sehr
1036 3890 1220 3957 selten‚
1257 3891 1390 3945 doeh

369 3958 473 4027 vgl.
512 3958 663 4012 Tusc.
690 3958 813 4024 115,
834 3962 897 4014 33
933 3976 1000 4011 ne
1037 3965 1088 4011 et
1122 3965 1304 4012 vetera
1339 3965 1393 4011 et

1503 2801 1536 2869 5
1552 2804 1619 2855 62
1641 2805 1702 2852 in
1720 2804 1854 2853 vitio
1874 2806 1966 2852 est.
2001 2800 2034 2868 5
2051 2804 2111 2852 47
2140 2806 2219 2851 est
2241 2804 2301 2852 in
2319 2799 2523 2864 officie.

1575 2873 1652 2923 14.
1689 2873 1785 2936 qui
1818 2873 2088 2936 eripiunt:
2128 2884 2246 2921 man
2281 2875 2524 2923 erwartet

1498 2938 1597 2990 den
1618 2937 1781 3004 Conj.‚
1818 2937 1940 2989 aber
1965 2937 2067 2990 Cic.
2103 2938 2191 2989 hat
2227 2937 2521 2990 bestimmte

1496 3005 1755 3059 Personen
1780 3006 1849 3057 im
1880 3004 2042 3072 Auge,
2085 3021 2144 3058 so
2170 3005 2288 3058 dass
2312 3005 2403 3059 der
2425 3005 2525 3060 Be-

1495 3073 1620 3140 griff
1630 3073 1721 3126 des
1740 3073 2259 3140 Beziehungswortes
2277 3074 2420 3126 nicht
2436 3076 2521 3127 ein

1494 3142 1612 3195 blos
1648 3142 1924 3210 gedachter
1944 3142 2031 3221 ist,
2069 3141 2252 3194 dessen
2277 3142 2520 3196 Existenz

1496 3214 1985 3343 ⁶¹⁸1‘⁶?¹¹⁸352m...³³‘
1951 3209 2264 3330 2¹2...ssss
2299 3213 2433 3331 εὔια
2466 3279 2520 3331 in

1495 3295 1831 3413 Verbinfftung
1865 3347 1958 3398 mit
1992 3349 2208 3398 ratione
2234 3319 2338 3400 und
2359 3348 2522 3399 modo

1493 3415 1712 3468 braucht
1747 3415 1847 3468 Cic.
1886 3418 2207 3500 quicumque
2251 3415 2323 3467 im
2359 3413 2518 3496 Sinne

1494 3483 2144 3605 ffshfflfffflffl
2178 3484 2312 3536 ‘'¹¹¹'‘
2347 3483 2522 3536 ‘⁰¹⁸³'

1494 3622 1695 3756 ειιιξὲὲιι
1707 3620 1973 3768 {tnuasgine
2010 3618 2521 3767 §gladffttkgngzltll'giie-

1495 3755 1799 3823 Belohnung
1834 3770 2004 3809 semer
2036 3755 2313 3822 Anbauger
2357 3755 2517 3808 durch

1494 3824 1577 3908 die
1600 3825 1760 3879 Gruter
1783 3824 1873 3877 der
1896 3823 2282 3877 Proscribirten.
2332 3823 2520 3876 Gaesa-

1491 3891 1868 4015 31523‘251313'313
1887 3890 2518 4026 {ensstzffztssffitx
