2813 4537
438 277 559 342 182

1051 282 1137 336 DE
1172 282 1433 335 OFFIGIIS
1467 281 1587 335 Lm.
1615 281 1692 335 111.
1763 282 1903 335 CAP.
1929 284 1976 336 2.

434 476 468 519 a
511 454 828 519 Posidonio
879 454 1135 516 breviter
1177 473 1307 517 esse
1348 462 1573 516 tactum
1617 455 1679 516 in
1725 454 2077 533 quibusdam
2119 451 2583 529 commentariis,

430 541 776 622 praesertim
819 559 955 602 cum
993 540 1212 602 scribat
1253 540 1484 601 nullum
1527 558 1655 601 esse
1697 539 1895 602 locum
1937 541 1999 601 in
2045 548 2168 601 tota
2207 537 2584 619 philosophia

356 636 387 687 9
428 636 550 688 tam
580 626 996 688 necessarium.
1046 617 1297 692 Minime
1326 644 1464 686 vero
1495 625 1788 687 assentior
1809 626 1912 699 iis»,
1939 626 2040 705 qui
2071 633 2294 705 negant
2322 642 2459 684 eum
2485 625 2582 685 lo·

431 731 568 773 cum
597 731 630 773 a
659 711 939 772 Panaetio
968 711 1479 792 praetermissum,
1524 711 1628 772 sed
1670 712 1945 773 consulto
1989 710 2263 772 relictum
2307 727 2418 770 nec
2449 728 2582 771 om-

429 797 573 859 nino
604 796 984 858 scribendum
1012 796 1228 870 fuisse,
1275 796 1411 876 quia
1456 815 1780 876 numquam
1809 804 2010 876 posset
2053 796 2277 857 utilitas
2301 813 2442 857 cum
2470 797 2585 856 ho-
2623 807 2667 858 5

426 889 654 962 nestate
682 901 970 962 pugnare.
1043 882 1128 943 De
1173 900 1290 960 quo
1334 882 1415 943 alt
1453 900 1587 942 rum
1629 889 1827 961 potest
1867 882 2087 962 hahere
2131 880 2579 955 dubitationem,

290 943 393 1018 θ’
412 946 903 1029 *adhibendumne
931 967 1111 1028 fuerit
1139 967 1252 1028 hoc
1282 901 1505 1047 fetide,
1554 967 1712 1047 quod
1756 967 1816 1028 in
1848 967 2134 1029 divisione
2163 965 2427 1028 Panaetii
2453 974 2579 1028 ter—

424 1054 574 1114 tium
603 1059 714 1127 est,
739 1072 816 1113 an
847 1052 1025 1132 plane
1054 1052 1466 1127 omittendum,
1488 1052 1738 1114 alterum
1760 1053 2018 1113 dubitari
2034 1072 2158 1114 non
2188 1059 2406 1132 potest,
2427 1052 2575 1132 quin

427 1158 460 1199 a
503 1138 779 1199 Panaetio
826 1146 1168 1217 susceptum
1212 1137 1314 1212 sit,
1361 1139 1466 1199 sed
1510 1138 1798 1199 relictum.
1873 1138 2021 1199 Nam
2066 1138 2168 1218 qui
2213 1156 2244 1199 e
2289 1137 2576 1199 divisione

418 1223 718 1302 tripertita
749 1224 893 1284 duas
921 1241 997 1302 pa

425 1307 735 1369 Praeterea
763 1308 826 1369 in
857 1316 955 1369 ext

323 1398 380 1451 10
424 1412 565 1473 ceps
596 1412 724 1455 esse
769 1394 1114 1468 dicturumif
1157 1393 1398 1455 Accedit
1442 1394 1651 1455 eodem
1694 1394 1862 1456 testis
1904 1395 2171 1474 locuples
2199 1393 2573 1468 Posidonius»,

426 1479 527 1559 qui
556 1479 730 1539 etiam
774 1479 980 1540 scribit
1022 1479 1083 1539 in
1129 1479 1379 1557 quadam
1426 1479 1677 1559 epistola
1706 1479 1771 1540 P.
1800 1478 2087 1541 Rutilium
2115 1479 2337 1541 Rufum
2377 1478 2573 1540 dicere

412 1563 614 1625 solere
630 1611 645 1639 ,
679 1564 782 1643 qui
810 1562 1156 1626 Panaetium
1199 1564 1466 1626 audierat
1481 1610 1496 1638 ,
1546 1573 1612 1626 ut
1656 1583 1835 1626 nemo
1866 1564 2062 1644 pictor
2089 1574 2245 1626 esset
2273 1566 2569 1636 inventuS,

425 1649 527 1728 qui
570 1649 632 1710 in
666 1649 781 1711 Coa
811 1648 1041 1710 Venere
1087 1669 1215 1712 eam
1258 1656 1520 1729 partem,
1569 1668 1744 1729 quam
1774 1651 2011 1730 Apelles
2053 1651 2389 1712 inchoatam
2433 1648 2573 1711 reli-

420 1781 636 1848 hangig:
688 1781 833 1834 ‘dass
879 1796 935 1833 er
981 1785 1047 1836 30
1081 1782 1234 1835 Jahre
1272 1784 1445 1852 spater

422 1850 557 1902 noch
591 1850 765 1916 gelebt
800 1849 962 1902 habe’.

505 1921 547 1970 1.
613 1920 841 1970 breviter
895 1935 1001 1970 esse
1055 1923 1284 1984 tactum,
1356 1919 1443 1970 ein

420 1985 826 2052 pleonastiecher
859 1985 1158 2052 Ausdmck,
1198 1987 1295 2039 wie
1331 1987 1444 2042 sich

419 2054 730 2107 namentlich
747 2055 833 2106 bei
852 2053 954 2109 Cic.
979 2054 1155 2121 hfiufig
1180 2054 1443 2108 ahnliches

418 2120 601 2183 findet;
639 2138 702 2174 zu
736 2122 777 2173 11
812 2122 844 2190 ξ
874 2124 952 2175 20.
991 2122 1053 2174 de
1089 2120 1176 2175 fin.
1213 2122 1234 2173 1
1271 2127 1349 2185 10,
1375 2125 1440 2176 33

420 2205 539 2240 eum
557 2189 738 2240 soluta
755 2191 908 2240 nobis
931 2196 1010 2241 est
1026 2190 1259 2256 eligendi
1276 2207 1306 2242 o
1347 2194 1442 2242 tio.

417 2257 481 2310 de
518 2256 618 2311 div.
655 2258 676 2309 1
720 2260 802 2325 50,
845 2261 938 2311 112
990 2264 1042 2311 et
1078 2265 1255 2312 monte
1345 2276 1443 2328 ay-

410 2331 539 2393 geto
563 2331 807 2378 eoetrema
840 2331 1038 2379 montis
1059 2332 1215 2394 quasi
1244 2335 1442 2396 puppis

416 2395 603 2446 avulsa
639 2400 732 2448 est.

482 2467 540 2514 in
569 2464 884 2530 quibusdam
919 2467 1342 2516 commentariis:
1378 2481 1437 2517 so

408 2531 674 2585 ubersetzt
705 2532 809 2584 Cic.
841 2526 1156 2602 ὑπόμνημα.
1192 2532 1256 2585 ad
1278 2533 1438 2587 Attic.

410 2599 527 2651 xvl
569 2605 644 2666 11,
679 2604 714 2654 4
754 2616 874 2652 eum
910 2602 1084 2654 locum
1118 2601 1438 2667 Posidonius

406 2674 731 2734 persecutus.
774 2670 894 2736 Ego
920 2674 1100 2722 autem
1136 2674 1188 2719 et
1221 2672 1337 2720 eius
1375 2670 1437 2721 li-

408 2738 567 2787 brum
592 2741 847 2788 arcessivi
870 2745 923 2789 et
935 2739 1009 2790 ad
1024 2738 1434 2790 Athenodorum

402 2805 629 2857 cannam
662 2808 882 2872 scripsi,
926 2810 991 2856 ut
1025 2807 1100 2858 ad
1128 2821 1214 2855 me
1247 2803 1316 2856 τὰ
1351 2822 1435 2856 κε-

408 2869 615 2941 φάλαια
635 2876 885 2938 mitteret,
920 2890 1056 2939 quae
1080 2879 1342 2939 exspecto.
1364 2903 1431 2912 --

408 2941 472 2991 In
506 2956 566 2991 eo
604 2944 683 2991 eat
714 2944 838 3011 περὶ
872 2941 969 2993 τοῦ
1005 2938 1144 2993 κατὰ
1174 2945 1433 3011 περίστα-

407 3024 499 3060 σιν
547 3002 693 3059 καθ’
832 3025 915 3074 oc,
971 3009 1018 3062 d.
1055 3010 1106 3062 h.
1150 3008 1277 3060 'iiber
1322 3008 1430 3076 daS,

407 3091 517 3129 was
563 3080 713 3128 unter
757 3076 1072 3130 Umstanden
1114 3075 1302 3129 Pflicht
1344 3079 1428 3131 ist.

404 3144 524 3197 Hier
575 3159 747 3197 waren
802 3146 912 3199 also
964 3145 1049 3199 die
1097 3145 1236 3197 Falle
1289 3145 1431 3198 eines

404 3204 739 3266 scheinbaren
763 3213 1008 3267 Conflicts
1041 3213 1302 3267 zwischen
1326 3212 1430 3266 Tu-

402 3280 540 3348 gend
590 3281 695 3334 und
749 3281 952 3336 Nutzen
1003 3282 1297 3335 behandelt.
1362 3282 1426 3335 ad

403 3350 512 3401 Att.
529 3347 645 3400 XVI
674 3354 751 3416 14,
781 3354 816 3404 4
849 3352 1254 3403 Athenodorum
1288 3351 1433 3402 nihil

400 3422 482 3468 est
501 3418 647 3483 quod
666 3419 880 3470 hortere
889 3439 911 3483 ‚·
942 3422 1097 3470 misit
1118 3422 1259 3470 enim
1292 3422 1430 3470 satis

403 3485 594 3537 belham
610 3479 925 3554 ὑπόμνημα.
962 3487 1122 3554 vergi.
1140 3486 1272 3539 Einl.
1290 3488 1322 3553 ξ
1343 3490 1427 3541 30.

471 3558 518 3608 6.
554 3555 637 3605 De
679 3570 810 3621 quo,
856 3556 910 3607 in
945 3554 1122 3622 Bezug
1165 3553 1368 3607 hierauf
1405 3555 1427 3605 1

404 3624 436 3689 ξ
474 3624 535 3676 21
575 3639 645 3674 eoe
681 3639 802 3689 quo,
836 3622 1169 3690 demgemiSS.

471 3691 912 3758 adhibendumne,
946 3692 1012 3744 ob
1036 3691 1128 3744 der
1148 3690 1425 3744 Abschnitt

399 3759 495 3810 mit
528 3759 582 3811 in
604 3758 689 3811 die
714 3758 1109 3826 Untersuchung
1142 3775 1205 3811 zu
1241 3759 1426 3811 ziehen

401 3826 504 3886 σείς
542 3825 698 3879 Acad.
734 3826 755 3877 1
794 3831 874 3893 11,
901 3831 966 3882 39
1002 3829 1068 3880 de
1101 3831 1319 3878 naturis
1344 3831 1426 3878 sic

395 3895 671 3957 sentiebat,
693 3898 936 3960 primum
959 3901 1025 3947 ut
1042 3899 1303 3962 quattuor
1319 3897 1426 3946 ini-

398 3963 494 4012 tiis
527 3976 708 4012 rerum
745 3961 854 4013 illis
880 3967 1124 4029 quintam
1157 3964 1298 4015 hane
1328 3980 1425 4015 na-

1547 1788 1750 1849 turam,
1798 1800 1867 1834 ea:
1902 1801 2008 1851 qua
2041 1787 2344 1851 superiores
2387 1799 2573 1834 sensus

1545 1856 1599 1902 et
1646 1856 1874 1903 mentem
1921 1851 2070 1916 effici
2121 1854 2407 1917 rebantur,
2460 1867 2570 1902 non

1546 1920 1836 1972 adhiberet.

1617 1991 1695 2046 13.
1729 1990 1789 2041 P.
1815 1987 2056 2040 Rutilius
2088 1986 2263 2049 Rufus
2295 2002 2405 2039 war
2439 1987 2570 2039 Con-

1545 2056 1628 2109 sul
1662 2057 1732 2108 im
1766 2055 1813 2109 J.
1840 2059 1939 2110 649
1965 2058 2121 2121 (105).
2172 2061 2203 2108 6
2238 2055 2362 2109 Jahr
2396 2057 2569 2123 spater

1544 2124 1610 2176 be
1646 2124 1823 2176 leitete
1852 2139 1906 2176 er
1929 2124 2028 2175 den
2046 2122 2289 2177 Pontifex
2318 2123 2567 2176 maximus

1544 2190 1602 2253 Q.
1680 2193 1825 2244 ucius
1856 2190 2106 2244 Scaevola
2140 2193 2192 2244 in
2230 2192 2311 2244 die
2344 2190 2566 2243 Provinz

1542 2260 1716 2314 Asien.
1766 2258 1840 2313 Da
1876 2276 1936 2312 er·
1965 2260 2075 2313 hier
2106 2261 2188 2314 die
2212 2260 2566 2314 Provincialen

1543 2343 1710 2397 gegen
1734 2328 1815 2381 die
1840 2328 2250 2396 Bedrfickungen
2279 2329 2369 2382 der
2392 2328 2567 2381 Publi·

1542 2399 1673 2461 cani,
1691 2397 2026 2450 bekanntlich
2039 2398 2199 2451 Lente
2217 2413 2308 2451 aus
2328 2397 2444 2449 dem
2455 2397 2566 2450 Rit-

1544 2465 1819 2531 terstande‚
1850 2466 2101 2532 schfitzte,
2122 2466 2297 2519 warde
2322 2482 2379 2519 er
2401 2466 2564 2518 selbst

1539 2534 1624 2586 bei
1650 2534 1817 2586 seiner
1846 2533 2123 2587 Rt'ickkehr
2149 2549 2334 2601 wegen
2357 2534 2564 2602 Erpres-

1539 2617 1738 2670 sungen
1762 2601 2041 2669 angeklagt
2075 2601 2179 2655 und
2202 2618 2306 2655 von
2331 2602 2430 2655 den
2453 2602 2562 2654 Rit-

1537 2674 1667 2736 tern,
1686 2670 1768 2722 die
1788 2670 1983 2723 damals
2000 2670 2084 2722 die
2103 2670 2341 2724 Gerichte
2365 2672 2559 2735 hatten,

1535 2738 1856 2804 vemrtheilt,
1891 2739 2129 2806 obgleich
2165 2755 2220 2792 er
2256 2739 2332 2791 als
2367 2738 2561 2791 Muster

1536 2805 1626 2859 der
1658 2806 1984 2860 Redlichkeit
2027 2806 2259 2860 bekannt
2300 2822 2423 2859 war.
2493 2806 2559 2858 Er

1535 2874 1675 2927 lebte
1701 2875 1883 2927 darauf
1903 2876 1955 2927 in
1981 2874 2215 2943 Smyrna,
2239 2875 2560 2942 hochgeach-

1533 2947 1611 2996 tet
1645 2959 1749 2995 von
1784 2942 1881 2995 den
1918 2942 2293 3009 Provincialen‚
2331 2942 2438 2996 und
2471 2943 2559 2995 be·

1534 3010 1720 3063 subiisti
1761 3015 1810 3063 te
1870 3011 1979 3063 sich
2031 3012 2125 3064 mit
2177 3011 2560 3064 wissenschaft-

1533 3078 1701 3130 lichen
1769 3078 1968 3138 tudiem
2005 3078 2148 3132 Brut.
2168 3083 2249 3144 30,
2273 3082 2367 3132 114
2397 3084 2555 3131 neunt

1530 3146 1621 3199 ihu
1676 3147 1777 3199 Cic.
1812 3149 2059 3199 Panaetii
2105 3148 2344 3212 auditor,
2387 3163 2557 3215 prope

1529 3213 1800 3281 perfectus
1834 3218 1895 3266 in
1928 3219 2123 3268 stoicis.

1608 3287 1680 3336 15.
1718 3287 1776 3334 in
1801 3283 1910 3336 Coa
1936 3284 2158 3335 Venere.
2205 3281 2431 3350 Apelles,
2466 3281 2554 3333 der

1531 3350 1863 3418 Zeitgenosee
1896 3351 2229 3417 Alexanders,
2270 3351 2425 3403 multe
2460 3350 2558 3402 sei-

1531 3434 1631 3471 nen
1656 3420 1995 3473 Landsleuten
2031 3421 2083 3472 in
2109 3420 2215 3473 Kos
2251 3418 2343 3472 dae
2374 3419 2443 3470 im
2467 3417 2554 3468 Al·

1531 3488 1755 3540 tet-thum
1769 3504 1827 3541 so
1844 3487 2089 3555 gefeierte
2098 3487 2216 3541 Bild
2228 3488 2319 3539 der
2337 3502 2428 3539 aus
2438 3486 2552 3538 dem

1529 3554 1700 3608 Meere
1745 3556 2135 3624 aufsteigenden
2174 3551 2402 3621 (ἀναδυο
2457 3557 2470 3573 ’
2536 3561 2551 3618 )

1526 3623 1718 3677 venue.
1754 3624 1849 3676 Ein
1874 3625 2087 3678 zweites
2110 3624 2228 3677 Bild
2252 3623 2342 3676 der
2370 3604 2551 3688 Venno,

1527 3692 1618 3745 das
1667 3692 1778 3744 hier
1823 3693 2107 3759 gemeinte,
2158 3692 2454 3744 vollendete
2497 3706 2552 3744 er

1527 3760 1693 3821 nicht;
1730 3760 1861 3814 Plin.
1903 3776 1951 3813 n.
1988 3762 2106 3814 hist.
2141 3759 2331 3812 XXXV
2372 3763 2450 3824 10,
2486 3761 2548 3813 36

1525 3828 1737 3895 Apelles
1780 3831 2133 3882 inchoaverat
2165 3834 2220 3880 et
2248 3828 2415 3880 aliam
2453 3827 2551 3878 Ve-

1526 3912 1706 3947 nerem
1733 3896 1826 3948 Coi
1854 3902 2207 3964 superaturus
2227 3896 2380 3959 fama
2401 3896 2550 3947 illam

1525 3979 1677 4015 enam
1705 3968 1963 4031 priorem.
2017 3965 2224 4016 Invidit
2254 3980 2400 4016 more
2427 3980 2554 4032 per-

1091 1244 1119 1284 s
1148 1223 1480 1297 absolverit,
1511 1223 1649 1284 huic
1680 1241 1925 1285 necesse
1953 1231 2043 1285 est
2072 1231 2296 1285 restare
2324 1223 2577 1283 tertiam.
2623 1231 2691 1286 ln

1085 1328 1120 1369 o
1152 1308 1305 1370 libro
1333 1308 1510 1370 tertio
1541 1310 1613 1369 de
1641 1309 1751 1370 hac
1778 1316 1947 1389 parte
1967 1309 2284 1389 pollicetur
2310 1327 2375 1369 se
2406 1308 2575 1369 dein-

2617 1656 2683 1709 15
