2813 4537
865 273 961 335 DE.
987 281 1248 338 0FF10118
1284 282 1403 339 ΗΒ.
1426 283 1486 340 11.
1544 282 1688 340 cAP.
1714 287 1792 340 17.
2286 280 2411 343 159

249 454 321 528 Q.
352 455 440 533 F.,
469 474 688 537 magno
718 456 808 518 vir
848 457 1092 537 ingenio
1124 455 1517 537 inprimisque
1555 457 1766 533 clarus»,
1798 456 2037 536 gloriari
2080 458 2307 520 solebat
2344 476 2407 519 se
2511 501 2516 512 .

247 541 376 604 sine
406 542 528 603 ullo
559 560 810 605 munere
838 543 1120 623 adeptum
1147 560 1275 604 esse
1306 542 1507 604 onmia
1520 588 1536 617 ‚
1583 560 1733 621 quae
1771 542 2135 605 haberentur
2167 542 2410 623 amplis-

247 628 412 690 sima.
486 626 729 689 Dicebat
773 627 931 688 idem
972 628 1170 702 Cotta,
1227 627 1426 690 Curio.
1486 627 1671 689 Nobis
1715 646 1958 707 quoque
1995 628 2135 690 licet
2176 629 2238 689 in
2292 628 2408 689 hoc

250 714 506 791 quodam
549 714 727 774 modo
770 713 1027 793 gloriari.
1101 713 1250 775 Nam
1290 732 1403 794 pro
1449 713 1838 795 amplitudine
1880 714 2207 787 honorum,
2255 731 2407 792 quos

184 807 216 857 5
246 797 480 860 cunctis
507 797 801 877 suffragiis
830 798 1027 879 adepti
1056 817 1264 860 sumus
1300 806 1510 860 nostro
1558 798 1797 877 quidem
1826 816 2017 874 anno,
2067 799 2227 878 quod
2254 817 2405 860 con-

141 1234 200 1302 19

140 1653 199 1712 15

245 882 378 962 tigit
408 901 613 944 eorum
646 883 890 959 nemini,
923 902 1077 962 quos
1103 884 1280 946 modo
1311 883 1632 958 nominavi,
1675 902 1818 946 sane
1856 885 2106 965 exiguus
2134 892 2407 964 sumptus

245 968 555 1031 aedilitatis
582 969 712 1030 fuit.
758 970 955 1048 Atque
979 969 1155 1031 etiam
1176 969 1310 1030 illae
1342 969 1650 1050 impensae
1671 1027 1674 1030 ,
1693 970 1989 1045 melioreS,
2019 970 2196 1045 muri,
2228 987 2404 1030 nava-

244 1054 338 1129 lia,
369 1063 599 1133 postue,
629 1072 919 1134 aquarum
940 1054 1157 1118 ductus
1178 1054 1516 1133 omniaque,
1562 1074 1715 1134 quae
1735 1056 1807 1116 ad
1828 1074 2003 1118 usum
2024 1056 2112 1116 rei
2135 1054 2407 1136 publicae

245 1139 572 1219 pertinent.
630 1139 1004 1217 Quamquam
1032 1140 1194 1218 quod
1221 1158 1506 1220 praesens
1533 1148 1835 1219 tamquam
1864 1141 1927 1203 in
1959 1159 2203 1203 manum
2232 1140 2407 1201 datur

244 1224 564 1289 iucundius
594 1231 712 1286 est:
758 1232 958 1288 tamen
999 1225 1145 1288 haec
1175 1225 1238 1286 in
1271 1232 1580 1305 posterum
1610 1226 1885 1305 gratiora.
1948 1225 2218 1300 Theatra,
2262 1242 2406 1304 por·

244 1310 428 1385 tiene,
473 1328 626 1371 nova
667 1311 886 1390 templa
930 1309 1324 1373 verecundius
1349 1311 1728 1391 reprehendo
1757 1320 2006 1391 propter
2034 1310 2404 1389 Pompeium,

244 1396 353 1457 sed'
377 1394 699 1457 doctissimi
730 1414 857 1457 non
887 1395 1164 1475 probant,
1195 1402 1261 1457 ut
1292 1402 1350 1457 et
1379 1396 1477 1457 hic
1506 1396 1633 1475 ipse
1663 1396 1996 1471 PanaetiuS,
2043 1415 2220 1476 quem
2248 1395 2405 1456 mul-

243 1489 373 1543 tum
403 1481 464 1541 in
489 1480 586 1556 his
629 1480 794 1542 libris
833 1488 1075 1543 secutus
1117 1500 1280 1556 sum,
1323 1499 1454 1542 non
1495 1481 1949 1562 interpretatuS,
1996 1490 2057 1544 et
2084 1480 2405 1542 Phalereus

244 1565 599 1640 DemetriuS,
630 1565 733 1645 qui
763 1565 1052 1630 Periclem
1073 1565 1411 1646 principem
1435 1565 1713 1628 Graeciae
1744 1567 2054 1648 vituperat,
2086 1567 2247 1647 quod
2268 1573 2406 1629 tan-⁴
2423 1575 2436 1581 ”
2501 1602 2509 1619 ‚

242 1659 364 1713 tam
391 1651 708 1731 pecuniam
736 1650 798 1711 in
830 1652 1132 1730 praeclara
1159 1651 1257 1712 illa
1286 1652 1607 1731 propylaea
1636 1652 1978 1713 coniecerit.
2039 1652 2156 1714 Sed
2185 1653 2259 1713 de
2287 1652 2405 1712 hoc

244 1755 464 1817 genere
493 1743 622 1797 toto
665 1735 728 1796 in
769 1735 842 1797 iis
870 1735 1062 1811 libris,
1112 1754 1265 1814 quos
1308 1737 1381 1797 de
1424 1754 1491 1796 re
1536 1735 1775 1815 publica
1805 1736 2045 1816 scripsi,
2089 1737 2406 1817 diligenter

313 1921 362 1971 3.
409 1917 462 1973 G.
496 1918 757 1970 Aurelius
793 1919 971 1984 Cotta,
1014 1918 1267 1983 derselhe,
1369 1919 1657 1972 vertheilen
1693 1919 1894 1983 lassen,
1937 1918 2028 1972 das
2062 1917 2170 1970 ihm
2205 1916 2288 1969 die
2324 1916 2405 1970 Si-

242 1985 469 2039 welcher
503 1985 557 2038 in
591 1986 690 2039 den
714 1986 951 2041 Biichern
987 1987 1050 2040 de
1086 1993 1191 2042 nat.
1218 1988 1266 2040 d.
1370 1987 1513 2039 culer
1547 2003 1665 2040 zum
1690 1987 1839 2040 Dank
1873 1987 1956 2039 fiir
1991 1987 2132 2039 seine
2164 1984 2405 2054 Anklage

240 2052 433 2108 redend
468 2054 761 2121 eingefiihrt
798 2055 955 2122 wird,
992 2070 1101 2109 war
1138 2056 1270 2108 Con·
1370 2070 1539 2122 gegen
1552 2054 1738 2108 Verres
1755 2055 2025 2123 geschickt
2042 2055 2237 2108 hatten.
2262 2053 2400 2107 Plut.

241 2123 323 2177 sul
358 2125 458 2177 679
484 2125 612 2189 (75),
649 2124 775 2192 ging
809 2124 946 2177 daun
983 2125 1114 2177 nach
1150 2124 1268 2177 Gal·
1371 2123 1473 2176 Cic.
1515 2127 1559 2177 8.

238 2192 342 2244 lien
376 2190 483 2244 und
518 2193 675 2256 starb,
719 2193 796 2244 als
833 2207 888 2244 er
922 2193 1054 2245 eben
1089 2192 1268 2245 seinen
1439 2194 1488 2245 9.
1528 2192 1893 2257 Quamquam,
1929 2191 2145 2244 freilich.
2181 2189 2283 2242 Der
2306 2190 2400 2242 mit

239 2258 486 2328 Triumph
509 2259 672 2313 feiern
695 2260 889 2315 wollte.
933 2260 1102 2327 Ueber
1123 2260 1267 2315 scine
1370 2259 1541 2314 dieser
1575 2259 1804 2314 Partikel
1840 2259 2171 2328 eingeleitete
2205 2257 2406 2328 Haupt-

237 2328 649 2394 Beredsamkeit‚
704 2329 864 2381 durch
916 2329 998 2381 die
1052 2346 1106 2382 er
1154 2330 1265 2382 sich
1367 2333 1478 2381 satz
1516 2330 1655 2382 steht
1689 2329 1925 2395 zugleich
1960 2345 2026 2382 zu
2050 2329 2167 2381 dem
2190 2328 2401 2381 voi-her-

239 2395 382 2452 diese
413 2395 771 2449 Ehrenstellen
807 2398 1024 2463 erwarb,
1060 2413 1105 2452 s,
1119 2396 1265 2451 Brut.
1367 2396 1637 2462 gehenden
1674 2395 1826 2449 Satze
1879 2396 1985 2449 und
2036 2413 2101 2450 zu
2148 2397 2266 2449 dem
2302 2395 2401 2448 fol-

239 2468 322 2530 55,
362 2466 479 2517 202.
1367 2463 1571 2531 genden
1597 2470 1773 2516 tamen
1797 2465 1867 2516 im
1892 2463 2195 2532 Gegensatz.
2238 2463 2260 2515 1
2285 2465 2360 2531 §7
2366 2468 2397 2519 6

308 2534 506 2586 Curio.-
528 2531 593 2584 111
622 2531 655 2599 ἕ
678 2534 760 2584 88.
798 2530 966 2584 Ueher
984 2531 1076 2584 das
1095 2530 1267 2600 Asyn-
1368 2533 1704 2597 Quamquam
1730 2534 1862 2584 haec
1885 2532 2098 2597 quidem
2121 2547 2219 2584 nec
2239 2560 2282 2569 -
2306 2532 2404 2583 sed

237 2600 395 2653 deton
430 2616 471 2652 s,
508 2617 557 2656 z.
589 2599 611 2651 Ι
646 2600 680 2665 ξ
700 2602 784 2654 43.
1367 2605 1565 2654 tamen.

303 2672 354 2721 4.
372 2684 481 2735 pro
499 2668 857 2734 amplitudine
879 2669 1175 2718 honorum.-
1200 2666 1269 2718 de
1433 2683 1703 2734 praesens,
1738 2666 2059 2734 personlich:
2094 2665 2115 2717 1
2150 2666 2185 2733 ἃ
2216 2670 2291 2718 11.
2400 2681 2464 2729 Q

236 2736 358 2803 imp.
387 2735 569 2802 Pomp.
604 2735 681 2788 12
718 2752 839 2787 cum
869 2739 1094 2802 propter
1128 2735 1265 2786 dila·
1404 2740 1411 2751 '
1439 2740 1519 2789 10.
1567 2738 1853 2801 gratiora,
1911 2734 2396 2788 dankenswerther:

237 2806 435 2856 donem
456 2806 800 2856 comitiorum
812 2808 897 2855 ter
906 2807 1135 2869 praetor
1146 2806 1264 2869 pri-
1365 2804 1400 2871 ἃ
1435 2808 1521 2858 46.

233 2888 355 2923 mm
390 2875 658 2923 centuriis
682 2875 889 2924 cunctis
915 2874 1266 2923 renuntiatus
1437 2875 1673 2935 theatra,
1712 2873 1978 2937 porticus.
2048 2869 2141 2922 Mit
2180 2869 2296 2922 dem
2332 2887 2398 2923 zu

231 2956 365 2993 sum.
391 2939 443 2992 in
458 2938 631 2993 Pison.
658 2944 745 3005 1‚3
763 2956 848 2990 me
867 2944 1065 2992 cuncta
1079 2939 1262 3004 Italia,
1365 2941 1399 3008 5
1423 2944 1486 2993 57
1527 2939 1828 2992 erwahnte'n
1862 2938 2085 2992 Theater
2118 2939 2211 2991 des
2246 2937 2398 2992 Pom-

230 3025 314 3060 me
339 3024 521 3060 omnes
543 3009 775 3074 ordines,
802 3025 888 3060 me
909 3011 1164 3060 universa
1189 3011 1264 3060 ci-
1364 3010 1516 3076 peJus
1537 3023 1710 3060 waren
1730 3008 1863 3059 zwei
1882 3005 2095 3074 Tempel
2116 3006 2205 3058 der
2217 3006 2402 3060 Venus

231 3080 372 3130 vitas
393 3093 505 3129 non
533 3079 694 3144 prius
728 3077 924 3129 tabella
947 3092 1110 3143 quam
1134 3092 1261 3128 voce
1363 3077 1470 3130 und
1494 3075 1723 3129 Victoria
1755 3075 1862 3128 und
1886 3074 2248 3141 Sfiulengfinge
2281 3089 2394 3127 ver-

227 3146 470 3212 prio'rem
505 3146 776 3198 consulem
809 3146 1124 3198 declaravit.
1362 3145 1587 3199 bunden.

303 3217 351 3266 5.
386 3219 574 3266 nostro
608 3215 826 3279 quidem
861 3229 1023 3278 anno,
1057 3214 1109 3265 in
1143 3213 1260 3266 dem
1438 3216 1515 3266 12.
1554 3213 1870 3275 doctissimi,
1905 3209 1955 3261 d.
1974 3210 2007 3261 i.
2045 3209 2129 3262 die
2159 3208 2402 3262 ΡΙιίῑοεο-ι

233 3281 417 3345 Jahn,
469 3296 553 3333 wo
589 3296 646 3332 es
695 3283 825 3335 nach
869 3282 969 3334 den
1005 3282 1261 3334 Gesetzen
1361 3282 1517 3348 phen.
1553 3279 1792 3332 Dieselbe
1812 3276 2178 3344 Bezeichnung
2206 3277 2269 3330 ΠΙ
2294 3277 2396 3344 §3-

234 3352 408 3401 zuerst
443 3348 645 3400 erlauht
680 3365 788 3401 war
823 3353 936 3416 (pro
970 3348 1079 3403 Mil.
1116 3353 1165 3416 9,
1193 3352 1261 3404 24
1363 3349 1428 3402 de
1463 3349 1564 3415 leg.
1600 3348 1622 3399 1
1658 3351 1718 3413 6,
1759 3349 1819 3399 18
1862 3349 2047 3413 igitur,
2074 3347 2402 3399 doctissimi-2

237 3417 453 3471 Clodius
508 3416 733 3482 reliquit
795 3432 998 3468 annum
1063 3421 1260 3481 cuum).
1361 3419 1496 3469 viris
1527 3415 1808 3483 proficisci
1838 3415 2051 3481 placuit
2083 3430 2115 3464 a
2157 3415 2288 3481 lege.

232 3485 405 3539 Durch
438 3484 523 3537 die
573 3484 661 3536 lex
697 3484 869 3536 Villia
905 3486 1117 3537 annalis
1151 3501 1263 3538 war
1434 3488 1512 3538 13.
1547 3485 1837 3538 Phalereus
1868 3483 2205 3535 Demetrius.-
2240 3482 2262 3534 Ι
2290 3485 2323 3547 ξ
2344 3485 2393 3536 3.

233 3555 345 3607 dies
390 3553 713 3620 festgesetzt.
800 3553 903 3606 Cic.
956 3553 1259 3606 verwaltete
1434 3557 1515 3607 14.
1552 3558 1759 3605 tantam
1785 3554 2077 3620 pecuniam
2085 3571 2105 3601 .·
2148 3551 2232 3604 die
2268 3550 2396 3602 Pro-

231 3622 315 3677 die
350 3621 606 3683 Quaestur
639 3623 711 3672 im
747 3624 859 3687 31„
895 3620 977 3672 die
1010 3620 1260 3674 Aedilitfit
1361 3621 1553 3690 pylien
1603 3621 1757 3674 allein
1793 3619 1961 3674 sollen
2005 3622 2140 3673 2012
2174 3618 2402 3671 Talente

228 3692 300 3743 im
336 3693 449 3756 38.,
502 3689 587 3743 die
634 3688 850 3742 Praetur
894 3689 966 3741 im
1000 3692 1112 3754 41„
1166 3689 1261 3742 das
1398 3690 1606 3743 ekostet
1630 3688 1821 3751 bahem
1860 3688 1993 3741 doch
2023 3687 2224 3740 scheint
2248 3687 2390 3739 diese

40 3768 47 3777 ·
128 3753 132 3756 ⁴
230 3757 476 3813 consulat
510 3758 582 3810 im
614 3761 698 3811 44.
735 3758 1096 3822 Lebensjahre.
1401 3773 1574 3811 umme
1609 3757 1953 3817 uberti-ichen.

295 3831 345 3881 6.
394 3842 525 3878 sane
559 3830 793 3892 exiguus
824 3832 1099 3893 sumptus.-
1143 3841 1260 3878 aus·
1434 3830 1515 3882 16.
1541 3827 1605 3877 de
1622 3843 1683 3877 re
1697 3826 1944 3892 publica.-
1963 3823 2390 3876 wahrscheinlich

229 3912 312 3949 ser
364 3894 461 3947 den
516 3895 651 3947 oben
703 3895 1001 3948 erwfihnten
1047 3893 1259 3962 Spielen
1361 3895 1416 3947 in
1434 3894 1554 3948 dem
1570 3894 1807 3947 vei-loten
1825 3906 2162 3961 gegangencn
2186 3891 2392 3946 ifinften

225 3967 372 4023 hatte
409 3963 512 4017 Cic.
551 3962 786 4016 Getreide
821 3967 973 4017 unter
1003 3963 1095 4017 das
1118 3961 1259 4016 Volk
1358 3962 1555 4017 Buche-
