2813 4537
875 305 959 359 DF.
997 305 1256 361 orrmus
1290 306 1409 361 ΗΒ.
1445 306 1502 361 Π.
1556 307 1696 361 CAP.
1730 311 1811 362 13.

2309 307 2431 370 14⁹

278 494 510 538 summo
551 478 679 538 viro
720 486 784 539 et
817 478 891 539 ab
923 480 1186 540 exercitu
1231 481 1678 559 consequebare
1720 482 2059 562 equitando,
2102 482 2431 560 iaculando,

278 562 444 623 omni
472 562 712 624 militari
742 562 942 624 labore
964 564 1294 626 tolerando.
1340 567 1535 644 Atque
1558 585 1626 628 ea
1657 567 1895 647 quidem
1923 576 2026 629 tua
2055 568 2184 629 laus
2210 569 2433 649 pariter

278 665 417 708 cum
445 666 512 709 re
541 648 779 728 publica
810 649 1041 711 cecidit.
1104 649 1247 711 Mihi
1275 659 1475 713 autem
1505 652 1650 713 haec
1681 651 1869 714 oratio
1900 661 2174 733 suscepta
2195 672 2326 715 *non
2357 656 2432 715 de

279 740 339 794 te
368 742 491 809 est,
533 734 637 796 sed
667 734 740 796 de
785 753 1004 814 genere
1032 743 1192 796 toto:
1238 754 1415 815 quam
1447 737 1524 797 oh
1553 756 1682 798 rem
1713 756 2030 818 pergamus
2060 739 2131 798 ad
2162 757 2247 814 ea,
2280 755 2430 818 quae

200 825 231 875 ὅ
274 826 518 879 restant.

449 903 526 965 Ut
554 904 736 984 igitur
762 905 827 967 in
873 905 1118 985 reliquis
1145 905 1326 968 rebus
1354 906 1543 968 multo
1584 908 1806 968 maiora
1849 926 2030 988 opera
2073 916 2214 969 sunt
2253 909 2435 970 animi
2475 913 2538 971 Β

250 1006 457 1071 =quam
488 991 777 1069 corporis,
810 990 894 1052 sic
918 1009 1022 1052 eae
1049 1009 1165 1065 res,
1198 1010 1344 1071 quas
1374 991 1617 1071 ingenio
1641 1012 1710 1054 ac
1739 992 1971 1054 ratione
1999 993 2433 1073 persequimur,
2511 1019 2538 1042 ··

277 1074 566 1153 gratiores
588 1083 729 1138 sunt
749 1093 927 1155 quam
950 1076 1100 1151 illae,
1133 1095 1282 1155 quas
1298 1077 1540 1140 viribus.
1573 1078 1767 1139 Prima
1796 1078 1979 1159 igitur
1999 1079 2433 1141 commendatio

278 1160 676 1239 proficiscitur
718 1179 751 1221 a
791 1161 1166 1223 modestia
1210 1181 1347 1223 cum
1389 1162 1688 1242 pietate
1729 1164 1792 1225 in
1832 1173 2140 1244 parentes,
2186 1164 2249 1225 in
2293 1183 2435 1228 suos

76 1261 95 1274 ’
176 1248 233 1304 10
276 1245 846 1307 benevolentia.
907 1246 1227 1308 Facillume
1268 1255 1466 1309 autem
1498 1256 1557 1309 et
1600 1249 1674 1309 in.
1705 1249 1988 1330 optimam
2029 1257 2261 1329 partem
2291 1269 2435 1330 cog-

280 1339 614 1393 noscuntur
642 1331 1071 1406 adulescentes,
1118 1332 1220 1412 qui
1248 1351 1314 1394 se
1342 1334 1416 1394 ad
1447 1333 1639 1395 claros
1679 1341 1741 1395 et
1769 1334 2067 1415 sapientes
2097 1335 2253 1396 viros
2280 1336 2435 1396 bene

275 1416 657 1478 consulentes
697 1417 784 1478 rei
826 1417 1098 1497 publicae
1139 1419 1554 1494 contulerunt,
1602 1418 1955 1502 quibuscum
2000 1419 2051 1481 si
2090 1420 2435 1499 frequentes

277 1510 433 1575 sunt,
466 1502 816 1582 opinionem
847 1503 1124 1564 adferunt
1147 1504 1370 1584 populo
1395 1522 1604 1565 eorum
1627 1506 1755 1566 sore
1784 1524 1849 1566 se
1878 1504 2116 1580 similes,
2149 1524 2299 1585 quos
2320 1505 2434 1566 sibi

278 1586 391 1666 ipsi
426 1587 757 1667 delegerint
777 1589 849 1649 ad
873 1588 1245 1650 imitandum.
1292 1589 1355 1650 P.
1379 1589 1584 1651 Rutilii
1613 1590 2074 1674 adulescentiam
2103 1592 2177 1651 ad
2201 1590 2436 1672 opinio-

175 1670 232 1723 15
278 1690 418 1735 nem
448 1681 509 1734 et
536 1673 918 1735 innocentiae
965 1681 1023 1734 et
1052 1674 1199 1735 iuris
1230 1673 1515 1736 scientiae
1545 1675 1611 1735 Ρ.
1643 1675 1822 1737 Mucii
1863 1676 2296 1737 commendavit
2325 1676 2434 1737 do-

277 1777 428 1820 mus
489 1758 636 1818 Nam
666 1757 732 1817 L.
767 1758 1007 1838 quidem
1039 1758 1310 1834 Crassus,
1359 1777 1498 1820 cum
1529 1767 1683 1821 esset
1720 1760 2037 1821 admodum
2068 1761 2434 1837 adulescenS,

276 1939 381 1992 und
434 1943 662 1998 sinistra
713 1939 981 2002 zerfielen;
1042 1942 1165 1995 aher
1216 1942 1305 1995 der

278 2006 616 2061 Unterschied
649 2009 911 2061 zwischen
940 2014 1078 2062 socii
1104 2010 1208 2064 und
1237 2011 1304 2062 le-

264 2071 464 2142 Zgiones
506 2075 780 2130 Romanae
823 2077 969 2130 hatte
1015 2078 1303 2146 ausgehort,

276 2144 494 2197 seitdem
519 2144 602 2198 die
616 2144 826 2200 ltaliker
852 2145 944 2199 das
962 2146 1326 2215 Burgerrecht.

275 2211 584 2265 bekommen
619 2214 800 2267 hatten
835 2216 935 2268 665
962 2217 1088 2282 (89).
1142 2216 1306 2267 alteri

276 2282 346 2335 ist
392 2282 578 2334 Zusatz
630 2298 734 2336 von
774 2283 986 2347 jemand
1003 2324 1017 2350 ,
1069 2283 1185 2337 dem
1220 2284 1304 2337 die

276 2348 788 2417 Heereseintheilung
835 2350 998 2403 fremd
1046 2367 1153 2407 war
1198 2352 1305 2404 und

277 2417 454 2473 darum
492 2416 582 2468 ala
606 2417 741 2469 ohne
767 2418 937 2470 altera
969 2419 1306 2473 unverstfind-

274 2485 381 2538 lich
416 2485 610 2540 schien.

346 2556 396 2608 2.
418 2557 640 2673 paritor
670 2553 811 2607 steht
827 2553 938 2605 hier
956 2553 1207 2621 temporal
1224 2554 1307 2606 fiir

275 2625 415 2673 simu
443 2642 465 2686 ‚·
507 2622 572 2674 de
604 2638 678 2675 or.
715 2619 777 2679 111
810 2623 857 2684 3,
880 2624 943 2675 10
971 2627 1037 2673 ut
1061 2621 1156 2673 illo
1181 2651 1226 2660 —
1256 2627 1308 2675 et

277 2692 480 2745 vimine
513 2706 633 2742 eum
666 2707 727 2741 re
753 2690 978 2756 publica
1008 2692 1222 2756 pariter
1256 2694 1309 2741 ot

278 2775 398 2810 eum
431 2758 530 2811 illa
562 2757 729 2809 simul
773 2760 1046 2809 extinctus
1085 2774 1193 2809 esse
1227 2761 1306 2809 vi-

277 2827 488 2879 deatur.
523 2820 717 2879 Tusc.1
742 2827 899 2891 11,24
924 2828 1009 2878 llis
1023 2829 1306 2879 sententiis

277 2896 521 2949 omnibus
555 2894 699 2946 nihil
722 2900 851 2961 post
878 2899 1104 2947 mortem
1132 2898 1306 2961 perti-

274 2979 402 3017 nere
434 2962 508 3014 ad
530 2977 847 3029 quemquam
863 2967 1059 3030 potest,
1086 2966 1305 3029 pariter

275 3034 415 3085 enim
452 3047 573 3083 eum
607 3035 721 3083 vita
754 3048 940 3084 semus
979 3034 1268 3084 amittitur.

340 3104 390 3153 4.
425 3100 491 3151 de
519 3115 721 3166 genere
756 3105 887 3167 toto,
928 3101 1083 3155 nfiml.
1119 3100 1303 3153 adule-

272 3171 551 3233 scentium,
584 3184 630 3221 z.
666 3171 700 3233 ξ
721 3171 802 3223 36.

343 3238 391 3288 6.
451 3240 512 3287 in
561 3236 789 3301 reliquis
842 3240 1028 3302 rebus,
1097 3236 1150 3288 in
1204 3236 1304 3289 den

277 3301 499 3357 anderen
549 3302 942 3371 Baeiehungem
998 3320 1042 3356 z.
1079 3302 1139 3357 B.
1192 3318 1303 3357 was

275 3369 507 3434 Nutzen,
544 3368 712 3423 Ruhm
745 3388 796 3423 u.
833 3371 935 3437 dgl.
974 3372 1270 3493 anbelanffit.

210 3482 217 3491 .
343 3440 392 3491 8.
423 3441 702 3504 gratior-m
737 3444 898 3491 sunt.-
939 3439 1015 3492 sie
1039 3454 1201 3496 erwer
1238 3455 1305 3492 en

272 3522 372 3560 uns
418 3507 472 3559 in
517 3506 762 3561 hoherem
784 3546 788 3551 .
811 3505 976 3560 Grade
1024 3506 1123 3560 den
1156 3507 1307 3561 Dank

273 3575 363 3629 der
381 3575 557 3640 Leutc,
577 3574 677 3629 wie
697 3576 728 3639 ξ
744 3577 809 3628 66
822 3574 1049 3629 ‚dicendi
1067 3573 1307 3637 facultas

274 3648 329 3695 et
357 3647 578 3708 gratior
613 3648 667 3693 et
703 3646 971 3696 amatior.
1018 3642 1137 3711 Vgl.
1164 3643 1197 3711 ξ
1222 3647 1305 3698 60.

272 3709 407 3767 Phil.
441 3710 483 3767 ll
516 3714 609 3777 46,
651 3714 743 3765 117
790 3726 955 3777 quam
989 3714 1064 3762 sit
1095 3728 1158 3763 re
1227 3712 1308 3764 ul—

274 3781 491 3845 cha-um,
544 3779 799 3842 beneficio
849 3784 1103 3846 gratum,
1181 3786 1306 3832 ama

267 3848 573 3913 gloriosum
609 3853 906 3915 tyrannum
945 3848 1207 3901 occidere.

281 3954 289 3960 -
338 3916 553 3969 Pn’ma:
588 3915 706 3969 dem
725 3916 1013 3984 entspricht
1026 3915 1307 3978 facillume

273 3988 467 4038 autem.
491 3983 599 4037 Den
623 3983 884 4040 sittlichen
903 3983 1306 4053 Eigenschaften

1408 1942 1617 2062 wqrden
1640 1943 1864 2009 gewisse
1895 1943 2102 1995 iussere
2125 1941 2294 1995 Mittel
2329 1943 2437 1996 bei-

1409 2025 1472 2077 ge
1496 2014 1607 2077 ὕει.
1949 2065 1954 2072 ,

1477 2081 1527 2131 9.
1561 2079 1842 2144 modestia,
1868 2079 2012 2131 nicht
2030 2079 2174 2133 bloss
2194 2078 2436 2131 Beschei-

1408 2146 1634 2214 denbeit,
1657 2146 1880 2200 sondern
1895 2172 1967 2194 ==
1981 2148 2304 2212 moderatio,
2328 2147 2434 2213 vgl.

1405 2214 1428 2267 1
1462 2215 1498 2284 ἦ
1518 2217 1585 2270 93
1622 2219 1977 2283 temperantia
2010 2221 2064 2267 ot
2097 2216 2375 2267 modestia.

1480 2288 1562 2338 14.
1597 2287 1653 2337 P.
1688 2283 1912 2337 Rutilii:
1963 2285 2024 2337 111
2058 2285 2091 2352 ξ
2120 2289 2196 2337 10.
2269 2283 2439 2336 Ueber

1410 2351 1492 2404 die
1530 2351 1664 2405 Sitte
1699 2353 1981 2407 romischer
2011 2352 2291 2420 Jfinglinge
2328 2352 2439 2405 sich

1410 2434 1475 2473 an
1511 2419 1669 2472 altere
1717 2421 1997 2473 vornehme
2029 2419 2242 2473 Manner
2281 2436 2440 2473 anzu-

1411 2487 1692 2540 scbliessen
1731 2504 1769 2540 3.
1808 2504 1851 2541 z.
1887 2487 1909 2539 1
1944 2488 2109 2556 5122.

1485 2560 1563 2609 15.
1595 2558 1925 2621 innocentia,
1954 2556 2005 2607 d.
2019 2556 2053 2608 i.
2072 2571 2283 2607 morum
2299 2561 2437 2609 inte-

1403 2626 1602 2689 gritas.

1478 2693 1538 2744 P.
1562 2691 1799 2756 Mucius,
1827 2689 1917 2743 der
1938 2689 2096 2744 Vater
2114 2690 2206 2743 des
2235 2689 2256 2741 1
2285 2689 2318 2758 ἦ
2339 2693 2436 2744 116

1408 2760 1708 2812 erwahnten
1733 2758 1791 2820 Q.
1812 2757 2015 2812 Mucius
2045 2757 2102 2812 P.
2121 2757 2210 2824 M„
2248 2758 2437 2811 Consul

1405 2828 1477 2879 im
1522 2827 1571 2882 J.
1608 2830 1706 2882 621
1747 2828 1916 2893 (133),
1969 2826 2172 2880 Freund
2220 2826 2311 2880 des
2356 2825 2437 2879 Ti.

1405 2895 1681 2949 Gracchus.
1714 2894 1883 2948 Ueber
1900 2895 2042 2947 scine
2059 2894 2438 2948 Rechtskennt-

1405 2963 1513 3016 niss
1550 2980 1592 3017 3.
1618 2979 1663 3016 z.
1698 2962 1720 3014 1
1753 2965 1784 3028 ξ
1816 2966 1926 3016 116.

1478 3034 1558 3085 16.
1612 3030 1787 3085 Nam:
1840 3031 1936 3083 mit
1989 3030 2157 3084 dieser
2207 3029 2437 3085 Partikel

1405 3099 1536 3152 wird
1553 3099 1645 3153 das
1670 3099 1857 3152 zweite
1876 3098 2104 3166 Beispiel
2127 3098 2437 3166 eingefiihrt,

1406 3167 1580 3221 indem
1615 3168 1718 3221 Cic.
1763 3167 1881 3221 dem
1916 3166 2171 3219 Einwand
2215 3182 2279 3218 zu
2327 3170 2437 3218 ent-

1408 3250 1612 3303 gegnen
1671 3234 1880 3302 fingirt,
1949 3250 2145 3288 warum
2213 3249 2269 3287 er
2337 3232 2438 3286 den

1409 3304 1621 3357 Crassus
1669 3304 1812 3357 nicht
1846 3303 2106 3357 erwahne.
2176 3301 2438 3355 Vollstiin·

1408 3371 1555 3439 diget
1590 3371 1767 3425 wiirde
1814 3371 1972 3425 daher
2007 3370 2098 3423 der
2131 3369 2439 3437 Uebergang

1408 3440 1608 3493 lauten:
1646 3440 1711 3491 de
1736 3440 1926 3493 Crasso
1950 3439 2093 3491 nihil
2115 3440 2253 3504 dieo,
2283 3454 2438 3491 nam.-

1410 3522 1455 3561 3.
1494 3524 1555 3561 zu
1591 3506 1655 3560 111
1689 3507 1724 3575 ξ
1755 3510 1836 3562 84.
1895 3506 1952 3571 Υ
1989 3507 2023 3559 l.
2060 3507 2189 3559 iiber
2221 3523 2350 3559 nam
2384 3506 2439 3557 in

1411 3576 1501 3629 der
1532 3579 1811 3696 octoupalio
1844 3574 1912 3628 Se
1989 3579 2069 3628 ert
2098 3574 2259 3628 schol.
2285 3572 2440 3627 Lam

1410 3660 1444 3712 Ρ
1477 3712 1542 3765 L.
1580 3713 1831 3765 Onusam:
1882 3711 1903 3764 1
1950 3713 1984 3777 ξ
2029 3713 2140 3764 108.
2210 3708 2274 3762 de
2309 3709 2440 3763 or.1

1414 3784 1495 3847 10,
1526 3783 1593 3834 40
1631 3780 1952 3845 Carbonem,
1989 3794 2144 3846 quem
2181 3783 2240 3830 tu
2275 3778 2441 3842 (Cras-

1409 3849 1666 3970 {1¹3⁸}ss
1669 3848 2059 3982 ‘mim'
2063 3845 2442 3969 Z'ffilssussl':

1561 3956 1576 3983 5

1413 3987 1640 4037 tut-rime
1674 3985 1748 4037 ad
1772 3984 2024 4051 publicas
2056 3999 2245 4039 causas
2266 3996 2440 4033 accos·

2479 1600 2539 1650 47
