2813 4537
398 271 521 333 108
967 273 1051 326 DE
1089 272 1352 326 OFFIGIIS
1389 273 1507 326 ΠΒ.
1532 272 1568 327 1.
1640 271 1782 327 GAP.
1809 276 1890 328 38.
1928 276 2009 328 39.
2095 325 2104 334 ,

397 447 569 509 etiam
600 446 662 508 in
692 446 810 508 illis
838 444 1340 520 contentionibus,
1372 464 1525 526 quae
1550 464 1685 508 cum
1714 445 2139 509 inimicissimis
2167 447 2340 521 fiunt,
2372 447 2546 509 etiam

397 534 444 595 si
470 532 645 594 nobis
672 532 917 611 indigna
937 531 1262 605 audiamus,
1290 539 1487 593 tamen
1511 531 1849 610 gravitatem
1880 532 2157 607 retinere,
2189 532 2549 595 iracundiam

396 618 635 699 pellere.
694 616 858 688 Quae
884 618 1045 678 euim
1075 634 1211 678 cum
1241 616 1436 697 aliqua
1465 616 1909 697 perturbatione
1937 619 2121 690 fiunt,
2165 636 2232 679 ea
2263 636 2376 680 nec
2405 636 2551 680 con-

397 712 620 765 stanter
641 703 771 764 fieri
793 710 1045 783 possunt
1066 720 1261 782 neque
1289 701 1364 763 iis
1385 702 1491 782 qui
1520 703 1735 764 adsunt
1762 703 2020 783 probari.
2072 702 2348 765 Deforme
2376 704 2549 766 etiam

348 848 358 855 .
398 798 487 850 est
522 789 598 849 de
641 807 705 849 se
730 787 946 869 ,ipsum
986 788 1353 869 praedicare,
1398 786 1542 849 falsa
1572 789 1945 868 praesertim,
1990 796 2050 850 et
2088 806 2224 851 cum
2266 788 2551 851 inrisione
2580 800 2614 849 5

397 872 763 936 audientium
792 873 1004 935 imitari
1032 872 1279 934 militem
1308 872 1654 951 gloriosum.

295 960 371 1018 39
570 958 644 1019 Et
689 958 970 1039 quoniam
1029 958 1227 1019 omnia
1273 958 1715 1038 persequimur,
1771 959 2041 1020 volumus
2094 958 2330 1040 quidem
2374 967 2551 1034 certe,

297 1051 382 1103 138
400 1044 715 1107 dicendum
747 1052 836 1105 est
865 1044 1039 1105 etiam
1069 1042 1304 1124 qualem
1331 1042 1593 1105 hominis
1620 1044 1893 1107 honorati
1923 1053 1981 1105 et
2001 1044 2290 1124 principis
2309 1045 2552 1106 domum

401 1129 633 1211 placeat
672 1147 832 1206 esse,
875 1129 1047 1191 cuius
1073 1128 1212 1190 finis
1254 1138 1344 1189 est
1381 1147 1558 1204 usus,
1600 1130 1674 1191 ad
1716 1147 1894 1210 quem
1936 1129 2429 1191 accommodanda
2466 1139 2564 1191 est-

401 1214 745 1277 aedificandi
786 1214 1104 1295 descriptio
1148 1223 1207 1275 et
1247 1222 1449 1275 tamen
1479 1213 1809 1277 adhibenda
1836 1212 2267 1277 commoditatis
2294 1215 2553 1294 dignita·
2598 1226 2661 1278 ια

402 1300 598 1380 tisque
628 1299 947 1378 diligentia.
1008 1300 1115 1361 Cn.
1148 1299 1392 1361 Octavio
1412 1344 1428 1375 ,
1473 1299 1576 1380 qui
1605 1300 1833 1380 primus
1862 1319 1933 1362 ex
1973 1299 2072 1361 illa
2099 1300 2313 1361 familia
2343 1301 2555 1362 consul

406 1385 595 1447 factus
624 1393 746 1457 est,
776 1385 992 1446 honori
1023 1385 1203 1446 fuisse
1232 1385 1589 1465 accepimus,
1619 1386 1779 1465 quod
1810 1385 2168 1466 praeclaram
2195 1381 2558 1448 aedificasset

408 1470 470 1532 in
495 1470 717 1532 Palatio
746 1478 804 1531 et
825 1470 1062 1550 plenam
1084 1470 1383 1549 dignitatis
1404 1470 1680 1532 domum:
1712 1490 1864 1552 quae
1887 1475 2024 1533 cum
2053 1470 2229 1549 vulgo
2251 1470 2557 1544 viseretur,

401 1556 714 1635 suffragata
737 1555 1000 1632 domino,
1030 1574 1183 1617 novo
1212 1554 1461 1631 homini,
1490 1556 1563 1618 ad
1592 1557 1969 1619 consulatum
1996 1555 2337 1637 putabatur.
2387 1556 2556 1618 Hanc

405 1641 664 1703 Scaurus
703 1641 1019 1703 demolitus
1058 1641 1459 1702 accessionem
1501 1641 1767 1704 adiunxit
1804 1641 2065 1706 aedibus.
2125 1641 2335 1722 Itaque
2362 1641 2462 1704 ille
2490 1642 2552 1703 in
2599 1652 2658 1704 15

405 1744 570 1788 suam
600 1728 841 1788 domum
870 1726 1242 1788 consulatum
1271 1727 1499 1807 primus
1527 1727 1743 1803 attulit,
1771 1727 1891 1802 hic,
1921 1726 2137 1789 summi
2168 1735 2226 1789 et
2246 1726 2555 1789 clarissimi

402 1812 512 1874 viri
540 1812 728 1886 filius,
763 1810 824 1872 in
856 1813 1097 1873 domum
1125 1811 1569 1892 multiplicatam
1601 1831 1725 1874 non
1754 1813 2054 1894 repulsam
2084 1810 2276 1876 solum
2306 1813 2556 1887 rettulit,

406 1980 758 2045 vorzuheben,
801 1978 906 2031 und
941 1979 1010 2032 ist
1046 1979 1179 2031 eben
1213 1978 1427 2032 deshalb

405 2064 500 2101 vor
536 2064 699 2100 causa
733 2047 1128 2113 eingeschoben.
1198 2046 1262 2100 de
1298 2064 1370 2100 or.
1408 2048 1429 2099 1

406 2118 500 2182 35,
544 2119 636 2169 164
683 2120 859 2166 vestra
893 2118 1069 2180 magis
1113 2117 1214 2167 hoc
1249 2132 1428 2169 eausa.

476 2188 525 2238 6.
573 2183 798 2234 militem
834 2182 1169 2248 gloriosum:
1203 2184 1317 2236 eine
1336 2199 1429 2236 aus

407 2253 496 2306 der
542 2267 734 2306 neuern
779 2251 1131 2319 griechischen
1180 2251 1430 2306 Komodie

405 2320 805 2374 iiberkommene
863 2321 967 2372 und
1024 2322 1078 2375 in
1131 2320 1222 2374 der
1277 2322 1433 2374 romi-

408 2391 566 2443 schen
588 2388 780 2451 fabula
794 2388 1031 2456 palliata
1062 2391 1182 2443 sehr
1203 2389 1432 2444 beliebte

1522 1983 1740 2047 primm
1773 1983 1836 2031 in
1867 1995 1984 2032 eam
2015 1979 2289 2041 familiam
2310 1980 2558 2032 —attulit

1531 2049 1897 2114 consulatum,
1940 2052 2174 2100 statuam
2219 2049 2460 2100 videmus
2493 2051 2553 2100 in

1529 2120 1738 2169 rostris.
1797 2115 1941 2168 Nam
1976 2132 2097 2167 cum
2132 2121 2266 2167 esset
2293 2120 2486 2167 missus
2519 2134 2554 2168 a
2653 2123 2664 2128 ⁴

1529 2190 1723 2237 senatu
1744 2215 1803 2250 -‚
1838 2185 2144 2236 Laudiceae
2176 2187 2236 2235 in
2265 2189 2554 2252 gymnasio

1532 2272 1566 2307 a
1603 2253 1836 2321 quodam
1851 2254 2075 2321 Leptine
2110 2259 2186 2305 est
2218 2253 2553 2316 interfectus.

1531 2322 1600 2376 Er
1659 2322 1980 2389 triumphirte
2038 2322 2115 2374 als
2168 2328 2391 2390 praetor
2450 2323 2557 2376 und

1529 2390 1841 2458 praefectus
1877 2391 2035 2442 classi
2065 2390 2192 2443 uber
2216 2390 2434 2445 Perseus
2458 2395 2558 2446 586

407 2458 589 2525 Figur,
643 2458 745 2511 wie
790 2458 865 2511 sie
910 2458 965 2510 in
1004 2457 1434 2526 Pyrgopolinices

405 2541 511 2579 von
548 2526 762 2579 Plautus
797 2526 868 2579 im
906 2526 1196 2593 Gloriosus,
1238 2527 1344 2580 und
1377 2527 1434 2578 in

407 2594 603 2648 Thraso
640 2611 743 2647 von
774 2593 969 2648 Terenz
1006 2596 1058 2647 in
1094 2595 1211 2648 dem
1247 2596 1435 2647 Euml—

408 2666 538 2716 chus
572 2663 873 2730 dargestellt
906 2664 989 2717 ist.

477 2735 525 2785 9.
560 2732 717 2797 finis,
751 2731 970 2794 Zweck;
1020 2730 1083 2783 de
1118 2732 1219 2784 inv.
1259 2731 1278 2783 1
1315 2736 1363 2796 5,
1399 2735 1433 2784 6

409 2799 654 2863 officium
706 2804 883 2858 autem
934 2802 1050 2850 eius
1102 2801 1435 2865 (oratoriae)

408 2868 693 2930 facultatis
726 2867 944 2918 videtur
965 2883 1095 2932 esse,
1140 2868 1319 2919 dicere
1342 2884 1436 2934 ap-

408 2935 1139 3056 mmmmm&
1163 2935 1437 3069 itm&

411 3075 485 3123 sit
531 3086 659 3137 ergo
706 3073 768 3122 in
813 3074 934 3122 iure
982 3072 1135 3122 civili
1167 3072 1295 3135 finis
1329 3074 1437 3137 hio,

412 3141 688 3207 legitimae
722 3144 884 3205 atque
917 3143 1148 3192 usitatae
1175 3171 1213 3179 -
1240 3156 1437 3206 aequa·

412 3210 637 3261 bilitatis
671 3212 1025 3261 conservatio.

484 3280 564 3330 10.
617 3277 945 3340 aedificandi
978 3277 1295 3344 descriptio,
1348 3277 1440 3329 der

413 3345 676 3412 Banplan,
710 3344 828 3398 Riss
862 3344 953 3398 der
987 3344 1246 3399 Gebfiude.

482 3413 871 3465 commoditatis
923 3414 1308 3494 dignitatisque
1358 3414 1439 3464 di-

414 3483 641 3549 ligentia
653 3519 669 3547 ‚
706 3481 1007 3548 sorgffiltige
1030 3481 1314 3535 Riickswht
1350 3482 1443 3535 auf

412 3568 462 3605 u.
485 3567 529 3606 s.
546 3565 614 3601 w.
659 3549 723 3601 de
760 3550 904 3603 amic.
943 3553 1024 3615 24,
1052 3553 1117 3603 89
1155 3553 1303 3602 omni
1338 3552 1440 3602 hac

412 3624 473 3672 in
506 3636 567 3670 re
601 3618 844 3670 habenda
877 3621 1024 3671 ratio
1060 3624 1111 3669 et
1150 3619 1438 3684 diligentia

415 3694 506 3753 est,
537 3692 603 3738 ut
632 3690 864 3739 monitio
900 3687 1193 3738 acerbitate
1237 3692 1437 3741 careat.

415 3756 479 3809 de
524 3754 612 3807 fin.
661 3753 730 3807 lv
766 3758 860 3822 25,
895 3757 963 3809 68
1015 3755 1302 3821 diligentia
1352 3759 1439 3807 rei

413 3823 723 3886 familiaris.

488 3895 565 3945 11.
606 3890 698 3943 Cn.
737 3891 1020 3944 Octavius.-
1057 3891 1188 3945 Phil.
1223 3890 1290 3943 lx
1329 3895 1383 3957 2,
1403 3897 1437 3945 4

420 3962 512 4016 Cn.
529 3960 754 4026 Octavii,
773 3959 911 4011 clari
929 3965 980 4011 et
996 3963 1185 4027 mag-ni
1203 3963 1326 4027 viri,
1344 3964 1441 4026 qui

1536 2461 1696 2525 (168),
1730 2475 1839 2511 war
1874 2458 2065 2512 Consul
2101 2462 2202 2512 589
2227 2461 2385 2526 (165).
2437 2458 2560 2512 Sein

1534 2527 1730 2581 Bruder
1766 2543 1874 2579 war
1898 2526 2263 2593 Urgrossvater
2297 2528 2388 2581 des
2411 2526 2561 2580 Octa-

1534 2596 1720 2650 vianus
1753 2595 2035 2662 Augustus.

1611 2668 1687 2717 15.
1722 2663 1793 2716 Μ.
1830 2662 2091 2715 Aemilius
2126 2663 2381 2730 Scaurus,
2417 2663 2561 2717 Sohn

1538 2734 1628 2785 des
1664 2732 1697 2798 ξ
1735 2735 1801 2786 76
1838 2731 2169 2798 erwahnten,
2203 2731 2414 2784 bewarb
2450 2732 2561 2784 sich

1535 2799 2564 2922 ΒῗῗῗιὶἳὲιῗῗῡῗῆἳὲἛὲζῖξίοὲέιῗΐέέ

1535 2936 1783 2990 Αεᾱίἰίιὲι
1835 2936 1896 2999 (ΙΙ
1932 2936 1965 3003 ὅ
2002 2938 2089 3001 57)
2141 2935 2300 2989 durch
2353 2936 2421 2988 Er
2456 2951 2563 2989 res-

1538 3020 1736 3072 sungen
1754 3005 1807 3057 in
1821 3003 2088 3057 Sardinien
2107 3020 2172 3057 zu
2192 3004 2405 3057 entscha
2443 3005 2561 3071 ‘gen

1538 3074 1719 3126 suchte
1732 3113 1745 3136 ‚
1805 3071 1983 3125 wurde
2036 3087 2091 3124 er
2141 3089 2174 3124 r
2240 3073 2561 3124 etundamm

1539 3141 1832 3208 angeklagt,
1875 3140 1998 3193 aber
2031 3156 2136 3193 von
2212 3141 2346 3193 icero
2382 3141 2434 3193 in
2472 3140 2562 3193 der

1539 3210 1672 3262 noch
1686 3209 1974 3261 theilweise
1988 3208 2284 3261 erhaltenen
2296 3207 2436 3261 Rede
2448 3223 2564 3261 ver-

1539 3276 1758 3344 theidigt
1776 3277 1880 3329 und
1898 3277 2328 3344 freigesprochen.
2378 3275 2564 3344 Spiiter

1539 3349 1639 3400 702
1678 3349 1785 3411 (52)
1833 3344 2013 3398 wurde
2058 3360 2112 3397 er
2158 3345 2330 3397 indess
2380 3360 2562 3412 wegen

1539 3413 1868 3481 Bestechung
1890 3413 2193 3466 verurtheilt
2225 3412 2329 3465 und
2365 3417 2563 3466 musste

1540 3483 1593 3534 in
1612 3482 1702 3539 das
1719 3482 1833 3534 Exil
1852 3482 2019 3550 gehen
2038 3479 2188 3548 (App;
2207 3480 2259 3532 b.
2280 3480 2376 3532 civ,
2395 3480 2438 3531 11
2458 3483 2561 3546 24).

1538 3550 1731 3603 Darauf
1760 3551 1967 3603 bezieht
2015 3549 2123 3601 sich
2168 3551 2475 3613 ignominia
2512 3553 2566 3600 et

1540 3620 1835 3672 calamitas.
1907 3617 2095 3671 Seinen
2130 3616 2431 3683 prachtigen
2466 3616 2563 3669 Pa-

1539 3687 1668 3753 last,
1718 3688 1810 3740 das
1846 3691 1980 3739 erste
2016 3683 2327 3751 grossartige
2363 3683 2564 3738 Privat-

1539 3756 1667 3809 haus
1712 3756 1767 3808 in
1812 3755 1969 3820 Rom,
2016 3752 2309 3806 beschreibt
2343 3752 2475 3806 Plin.
2511 3770 2560 3806 n.

1538 3824 1656 3877 hist.
1690 3822 1899 3876 XXXVI
1939 3826 2017 3876 15.

1613 3896 1691 3946 17.
1725 3891 2170 3958 multiplicatam.-
2217 3889 2267 3944 d.
2302 3889 2336 3941 i.
2374 3887 2564 3955 ampli-

1538 3961 1759 4024 ficatam
1770 3999 1786 4026 ‚
1823 3966 2049 4013 auctam.
