2813 4537
852 280 938 336 DE
974 281 1234 337 omens
1266 281 1384 338 ΠΒ.
1420 282 1498 338 111.
1570 282 1711 337 GAP.
1752 287 1832 340 16.
2293 280 2418 346 213

260 475 377 538 que
407 455 495 517 Ti.
529 455 835 520 Claudium
868 457 1298 532 Centumalum,
1346 456 1450 537 qui
1479 456 1653 518 aedes
1682 456 1743 518 in
1778 456 1972 520 Caelio
2002 466 2208 520 monte
2237 459 2421 524 habe·

256 543 377 619 bat,
429 542 698 604 demoliri
749 560 835 618 ea,
890 562 1147 623 quorum
1186 542 1434 605 altitudo
1484 542 1751 604 officeret
1793 543 2090 624 auspiciis,
2145 543 2420 610 Claudius

255 627 609 710 proscripsit
661 627 918 690 insulam
1004 623 1323 712 vendidit];
1392 627 1536 689 emit
1586 626 1651 688 P.
1706 627 2062 709 Calpurnius
2110 629 2420 694 Lanarius».

257 712 411 775 Huic
452 713 525 774 ab
570 713 896 794 auguribus
942 714 953 727 ’
1002 715 1083 776 ud
1123 714 1280 776 idem
1317 713 1736 776 denuntiatum
1766 721 1875 776 est.
1935 713 2141 795 Itaque
2173 715 2422 796 Calpur-

193 808 225 858 5
257 798 394 861 nius
435 817 573 861 cum
615 798 932 862 demolitus
972 809 1130 861 esset
1168 807 1608 879 cognossetque
1651 798 1956 862 Claudium
1998 800 2173 862 aedes
2214 809 2422 881 postea

146 1232 210 1286 10

147 1658 210 1716 15

256 884 695 964 proscripsisse,
729 903 906 964 quam
942 892 1098 947 esset
1125 885 1198 946 ab
1230 884 1559 965 auguribus
1587 884 1856 947 demoliri
1886 885 2101 961 iussus,
2131 885 2422 948 arbitrum

256 969 423 1032 illum
469 969 682 1050 adegit,
726 988 1001 1039 Qumomn
1038 989 1149 1032 sim
1178 988 1330 1032 nme
1359 988 1583 1033 racana
1612 988 1952 1034 oronnam
1982 990 2057 1033 rx
2085 989 2221 1033 rma·
2251 989 2421 1033 nom.

256 1053 335 1117 M.
382 1054 523 1116 Cato
570 1055 929 1117 sententiam
972 1055 1136 1130 dixit,
1178 1057 1354 1118 huius
1395 1055 1587 1119 nostri
1618 1056 1856 1119 Catonis
1891 1064 2077 1137 pater.
2148 1055 2227 1118 Ut
2255 1057 2421 1120 enim
2501 1079 2512 1122 2

257 1140 440 1202 ceteri
484 1158 555 1201 ex
584 1139 872 1222 patribus,
915 1141 1001 1204 sic
1030 1141 1129 1203 hic
1159 1141 1263 1220 qui
1292 1141 1436 1203 illud
1465 1141 1668 1203 lumen
1697 1142 2037 1222 progenuit,
2079 1160 2152 1204 ex
2181 1141 2301 1203 filio
2333 1150 2423 1206 est

256 1225 677 1288 nominandus.
737 1225 796 1288 Is
824 1226 1004 1307 igitur
1034 1226 1209 1288 iudex
1238 1226 1320 1288 ita
1348 1226 1776 1306 pronuntiavit,
1822 1232 1980 1290 ‘cum
2009 1227 2072 1291 in
2102 1227 2421 1289 vendundo

256 1328 384 1372 rem
429 1329 563 1372 eam
598 1311 806 1373 scisset
846 1320 906 1373 et
947 1330 1071 1375 non
1113 1310 1591 1392 pronuntiasset,
1633 1313 1890 1393 emptori
1924 1313 2209 1375 damnum
2248 1331 2422 1393 prae-

256 1397 401 1458 stari
443 1396 760 1477 oportere!
828 1395 990 1479 Ergo
1032 1398 1106 1459 ad
1149 1398 1327 1460 fldem
1368 1397 1590 1459 bonam
1632 1397 1836 1460 statuit
1876 1397 2180 1478 pertinere
2213 1406 2424 1460 notum

257 1500 388 1544 esse
431 1482 688 1562 emptori
725 1482 951 1559 vitium,
995 1484 1155 1564 quod
1197 1491 1401 1546 nosset
1443 1482 1734 1545 venditor.
1794 1483 1968 1555 Quod
1998 1483 2049 1547 si
2077 1491 2239 1546 recte
2270 1483 2423 1546 iudi-

257 1567 428 1642 cavit,
460 1585 582 1629 non
613 1574 776 1629 recte
806 1568 1232 1631 frumentarius
1261 1568 1378 1643 ille,
1410 1587 1535 1630 non
1567 1575 1727 1630 recte
1757 1568 1992 1632 aedium
2018 1568 2425 1649 pestilentium

257 1651 532 1714 venditor
581 1652 786 1715 tacuit.
863 1653 977 1715 Sed
1030 1654 1209 1716 huius
1251 1653 1413 1714 modi
1460 1653 1805 1716 reticentiae
1845 1654 1974 1716 iure
2018 1654 2175 1717 civili
2217 1673 2426 1716 omnes

258 1737 687 1818 comprehendi
711 1757 836 1800 non
859 1746 1142 1819 possunt:
1175 1756 1326 1818 quae
1357 1745 1556 1800 autem
1585 1746 1842 1818 possunt
1870 1738 2183 1818 diligenter
2210 1747 2424 1800 tenen-

257 1831 375 1885 tur.
436 1822 513 1884 Μ.
545 1822 764 1885 Marius
788 1822 1184 1900 Gratidianus,
1214 1823 1594 1904 propinquus
1622 1831 1845 1899 noster,
1878 1822 1940 1885 C.
1973 1823 2183 1903 Sergio
2210 1824 2425 1886 Oratae

260 1989 404 2042 seine
439 1987 878 2057 Beobachtungen
915 2006 1006 2056 an,
1054 1992 1153 2045 den
1188 1988 1292 2043 Ilo-
1393 1988 1723 2056 Vollstiindig
1775 1990 1954 2042 wfirde
2008 1990 2084 2043 sie
2129 1990 2184 2043 in
2229 1991 2424 2045 diesem

258 2056 426 2111 rizont
482 2063 678 2111 musste
731 2074 786 2111 er
831 2058 980 2112 dahei
1027 2075 1158 2127 ganz
1195 2058 1290 2111 frei
1390 2058 1536 2110 Falle
1571 2058 1750 2110 immet
1774 2061 1916 2111 actio
1951 2061 2082 2111 emta·
2113 2058 2315 2112 lautent
2350 2058 2424 2114 M.

259 2125 444 2178 haben.
515 2125 611 2179 Ein
660 2126 822 2180 hohes
871 2127 1113 2182 Gebfiude
1167 2127 1290 2180 aber
1395 2126 1526 2179 Cato
1573 2130 1780 2179 arbiter
1823 2131 1948 2181 esto.
2021 2127 2178 2193 Quod
2210 2129 2267 2182 P.
2307 2127 2424 2180 Cal·

258 2193 352 2246 auf
399 2192 516 2245 dem
570 2194 856 2248 sfiddstlich
908 2201 1031 2249 vom
1088 2195 1290 2265 Capitol
1383 2198 1625 2262 purniue
1657 2195 1932 2247 Lanarius
1981 2197 2047 2248 de
2102 2194 2159 2248 T.
2198 2194 2422 2248 Claudio

257 2260 531 2328 liegenden
569 2261 771 2316 Caelius
817 2263 1013 2318 konnte
1060 2264 1167 2319 ihm
1207 2263 1290 2318 die
1395 2263 1709 2317 Centumalo
1743 2265 1899 2317 aedes
1928 2267 1989 2317 in
2024 2264 2204 2318 Caelio
2246 2270 2425 2317 monte

256 2328 503 2382 Aussiclit
556 2333 758 2396 storen,
811 2331 875 2386 da
927 2348 982 2385 er
1034 2333 1144 2386 sich
1196 2332 1290 2385 mit
1390 2336 1526 2384 sitas
1562 2336 1712 2398 emit,
1758 2333 2027 2400 quidquid
2058 2335 2122 2386 ob
2158 2349 2276 2384 eam
2309 2349 2424 2384 rem

256 2398 375 2451 dem
412 2396 622 2450 Gesicht
666 2398 798 2451 nach
835 2398 995 2453 Osten
1034 2399 1255 2454 wandte.
1401 2398 1459 2452 T.
1481 2400 1766 2453 Claudium
1788 2402 1846 2455 P.
1867 2401 1963 2453 Cal
2035 2403 2159 2452 rnio
2186 2400 2319 2452 dare
2338 2399 2425 2462 fa·

328 2468 376 2520 2.
414 2465 664 2517 demoliri
697 2482 787 2532 ea,
823 2466 870 2520 d.
891 2468 925 2521 i.
962 2483 1079 2520 eam
1104 2469 1292 2521 domuc
1396 2484 1517 2520 cere
1539 2484 1570 2519 ο
1609 2472 1753 2519 ortet
1785 2485 1856 2519 ex
1969 2486 1998 2519 e
2028 2471 2185 2532 bona,
2223 2472 2338 2519 eius
2367 2468 2424 2521 T.

250 2540 467 2602 partem
502 2534 766 2587 demoh'm‘.
1398 2484 1684 2588 Claudfum
1710 2537 1767 2589 P.
1789 2535 1888 2588 Cal
1919 2538 2082 2588 urnio
2109 2536 2421 2591 condemna.

329 2607 376 2657 3.
428 2601 690 2670 insulam,
722 2602 934 2655 insulae
968 2602 1176 2655 heissen
1210 2620 1293 2657 ur-
1467 2607 1513 2658 8.
1549 2602 1622 2657 M.
1661 2603 1824 2656 Cato.-
1905 2603 1990 2658 ell.
2019 2603 2128 2656 XIII
2164 2605 2247 2669 20,
2279 2608 2343 2659 14
2378 2607 2427 2655 is

258 2674 415 2740 spriin
454 2670 557 2724 lich
581 2670 782 2724 einzeln
808 2670 1058 2725 stehende
1079 2668 1290 2738 Hauser,
1394 2670 1468 2724 M.
1505 2672 1638 2725 Cato
1692 2674 1939 2724 tribumn
1983 2672 2159 2740 plebis
2210 2671 2323 2734 suit
2371 2678 2427 2724 et

259 2738 396 2805 daun
484 2739 831 2805 iethshfiuser,
886 2739 957 2792 im
1001 2738 1290 2807 Gegensatz
1464 2745 1709 2791 acturam
1765 2744 1952 2806 petens
2010 2745 2234 2792 mortem
2289 2742 2429 2793 obiit

258 2822 325 2860 zu
348 2806 553 2873 domm,
578 2805 800 2862 Palaste.
831 2838 901 2846 —
935 2807 1181 2860 vendidit
1202 2807 1288 2874 ist,
1387 2756 1510 2874 fel-as
1547 2823 1654 2861 war
1688 2808 1760 2860 im
1793 2807 1840 2861 J.
1867 2811 1966 2862 663
1986 2809 2116 2875 (91)]
2154 2825 2225 2860 ex
2259 2824 2426 2876 eoque

260 2874 362 2927 wie
398 2874 489 2928 das
523 2874 829 2945 Asyndeton
871 2876 976 2929 und
1013 2875 1292 2944 tautologi-
1391 2881 1556 2929 natus
1591 2882 1670 2928 est
1701 2875 1773 2928 M.
1801 2876 1930 2929 Cato
1959 2879 2295 2944 praetorius,
2329 2881 2426 2943 qui

260 2942 408 2995 scher
455 2941 583 2996 Sinn
626 2945 791 3012 zeigt,
847 2944 961 2997 eine
1006 2943 1189 2998 Glosse
1224 2961 1291 2997 zu
1389 2962 1447 2995 se
1482 2944 1618 2996 bello
1655 2945 1804 2997 civili
1842 2945 2026 3000 Uticae
2059 2947 2345 2998 interemit.

251 3014 592 3078 proscripsit.
660 3010 807 3065 Auch
925 3015 989 3067 55
1041 3011 1111 3066 ist
1158 3013 1291 3065 nach
1467 3014 1545 3066 16.
1607 3013 1983 3081 comprehendi
2024 3029 2135 3065 non
2176 3018 2425 3094 possunt,

251 3083 576 3148 proscripsit
609 3080 663 3132 in
697 3079 849 3134 einer'
916 3080 991 3137 ds,
1028 3081 1290 3147 vendidit,
1393 3079 1603 3135 konnen
1652 3081 1794 3135 nicht
1841 3097 1946 3135 von
1995 3081 2111 3134 dem
2148 3082 2424 3134 Civilreeht

258 3150 511 3214 exposuit
543 3147 698 3202 hinzu
737 3148 898 3215 emgt.
1393 3149 1640 3214 umfasst‚
1693 3149 1747 3202 in
1797 3148 2035 3203 dasselbe
2088 3147 2424 3216 einbegrifl'en

328 3217 376 3269 6.
397 3217 664 3268 arbitrum
683 3164 837 3268 iIlum
859 3216 1060 3283 adegit,
1086 3217 1291 3270 stehen-
1394 3216 1618 3271 werden.
1664 3216 1735 3271 So
1771 3217 1902 3271 wird
1936 3216 2113 3284 hiiuflg
2147 3220 2423 3282 memoria,

257 3283 348 3335 der
394 3280 666 3334 Ausdruek
720 3283 801 3335 fiir
855 3284 1010 3336 illum
1056 3284 1293 3337 addua-it
1392 3301 1618 3337 numero
1636 3285 2082 3355 comprehendere
2100 3289 2298 3353 gesagt.
2325 3284 2425 3337 Zur

257 3351 331 3403 ad
364 3352 649 3403 arbitrum.
704 3350 910 3405 Ebenso
947 3353 1179 3420 aliquem
1204 3357 1292 3405 ius
1393 3351 1592 3407 Bestiiti
1667 3369 1737 3421 ng
1782 3354 1994 3407 hiervon
2032 3353 2163 3406 wird
2198 3353 2290 3406 das
2326 3351 2425 3406 fol-

254 3417 552 3471 iurandum
588 3418 826 3484 adigere.
1394 3421 1562 3488 gende
1651 3421 1833 3490 eispiel
1881 3421 2102 3489 erzahlt‚
2157 3438 2242 3475 wo
2292 3421 2422 3474 zwei

326 3490 374 3541 7.
441 3485 676 3551 uidquid
702 3488 808 3539 eibi
825 3514 865 3524 -
888 3503 957 3539 σω
985 3487 1092 3550 fide
1122 3491 1290 3541 bona.-
1456 3504 1574 3543 osse
1616 3487 1844 3543 Juristen
1891 3490 2102 3557 uneinig
2156 3489 2300 3555 sind,
2354 3488 2421 3542 ob

255 3555 339 3609 die
432 3554 622 3620 ormel,
682 3554 883 3608 welche
935 3554 1025 3608 der
1077 3554 1292 3611 Praetor
1429 3558 1479 3612 ie
1515 3556 1683 3611 Sache
1717 3563 1867 3611 unter
1902 3557 1994 3612 das
2030 3557 2216 3611 Gesetz
2252 3556 2391 3611 falle.

256 3624 374 3676 dem
424 3621 706 3677 hestellten
773 3625 980 3677 arbiter·
1032 3623 1287 3692 ertheilte,
1462 3631 1719 3679 tenentur
1770 3627 1978 3681 werden
2013 3625 2287 3694 geahndet.

255 3692 361 3745 und
384 3691 475 3744 ihn
510 3691 666 3745 somit
689 3691 817 3745 iiber
844 3690 926 3745 die
950 3690 1288 3760 Rechtsfrage
1466 3697 1545 3748 17.
1590 3693 1664 3749 M.
1700 3665 1911 3748 Marius
1949 3694 2332 3747 Gratidianus.-
2378 3708 2421 3747 s.

174 3806 199 3817 a
253 3759 546 3827 instruirte,
580 3759 868 3829 entspricht
903 3760 1020 3813 dem
1055 3760 1290 3814 erwfihn-
1454 3764 1536 3816 80.
1574 3762 1641 3815 Er
1677 3778 1785 3816 war
1818 3763 1909 3816 der
1933 3761 2077 3817 Sohn
2111 3761 2234 3816 oder
2257 3760 2422 3815 Enltel

256 3832 344 3880 ten
393 3834 655 3908 quantum
688 3828 882 3881 melius
926 3845 991 3882 ae
1064 3832 1150 3881 ius
1182 3845 1291 3910 ‘zur
1429 3845 1487 3910 es
1509 3828 1578 3883 Μ.
1605 3830 1881 3898 Gratidius,
1918 3831 2107 3912 dessen
2129 3829 2424 3884 Schwester

254 3893 1290 4035 Psffzsskfflfflffiffiafflfflglf
1392 3897 1658 4020 &affl
1686 3898 2299 4021 3:2⁸⁹1‘52ffi32‘3‘zz.
2312 3911 2427 4018 ‘3531
