2813 4537
445 281 571 345 246
1030 285 1116 341 DE
1153 285 1414 342 OFFICIIS
1448 287 1567 344 ΗΒ.
1599 287 1676 343 111.
1747 287 1890 343 CAP.
1916 291 1998 343 33.

444 463 576 524 tiae.
647 460 795 523 Cum
823 460 915 523 his
942 460 1082 523 viris
1112 461 1397 541 equisque
1414 508 1429 537 ,
1473 470 1541 524 ut
1570 461 1814 537 dicitur,
1859 461 1909 522 si
1937 461 2310 524 honestatem
2338 464 2495 527 tueri
2523 484 2593 528 ac

339 556 426 607 117
436 548 697 611 retinere
728 547 1022 611 sententia
1052 555 1170 622 est,
1216 548 1640 609 decertandum
1670 555 1776 609 est.
1835 546 1984 607 Nam
2025 546 2074 608 si
2111 567 2235 610 non
2265 550 2444 611 modo
2474 550 2594 613 uti-

440 634 602 709 litas,
646 632 750 695 sed
778 632 893 694 vita
924 633 1118 694 omnis
1158 633 1328 694 beata
1370 633 1642 714 corporis
1682 634 1851 694 firma
1879 632 2307 697 constitutione
2341 635 2593 716 eiusque

440 718 884 781 constitutionis
924 737 1030 799 spe
1070 718 1392 799 explorata,
1423 725 1491 780 ut
1518 736 1552 779 a
1581 717 1921 781 Metrodoro
1959 718 2250 798 scriptum
2278 728 2398 796 est,
2441 739 2592 783 con-

437 804 682 881 tinetur,
713 812 874 865 certe
903 804 1048 866 haec
1077 803 1298 865 utilitas
1327 811 1387 865 et
1416 802 1656 882 quidem
1686 822 1916 865 summa
1943 838 2028 849 -—
2051 802 2137 865 sic
2161 805 2321 866 enim
2343 814 2596 869 censent
2638 818 2669 869 5

438 925 522 937 -
547 908 684 951 cum
705 890 1015 952 honestate
1031 888 1339 971 pugnabit.
1371 888 1519 950 Nam
1542 889 1647 951 ubi
1661 889 1920 969 primum
1943 908 1983 970 p
2000 908 2078 951 ru
2094 890 2132 950 d
2148 909 2181 951 e
2196 909 2236 951 n
2251 891 2354 952 tia
2368 910 2400 953 e
2423 892 2593 955 locus

376 1007 377 1010 ¹
440 973 720 1038 dabitur?
759 994 834 1036 an
879 983 946 1037 ut
987 974 1302 1053 conquirat
1331 974 1596 1054 undique
1638 972 1999 1037 suavitates?
2042 993 2220 1055 quam
2262 976 2445 1038 miser
2471 977 2592 1038 vir-

437 1061 582 1123 tutis
629 1059 946 1122 famulatus
994 1059 1304 1122 servientis
1344 1059 1663 1141 voluptati!
1690 1114 1700 1121 .
1724 1059 1899 1131 Quod
1943 1067 2141 1122 autem
2180 1080 2403 1124 munus
2442 1081 2590 1143 pru-

438 1144 716 1208 dentiae?
760 1164 835 1207 an
881 1146 1080 1225 legere
1119 1144 1536 1225 intellegenter
1561 1143 1939 1226 voluptates?
1983 1145 2100 1208 Fac
2138 1146 2286 1207 nihil
2312 1147 2427 1208 isto
2457 1166 2588 1209 esse
2785 1219 2786 1230 2

437 1230 786 1306 iucundiuS,
831 1229 971 1311 quid
1016 1230 1261 1311 cogitari
1304 1238 1502 1311 potest
1528 1228 1806 1311 turpius?
1842 1231 1965 1292 Iam
1995 1232 2099 1310 qui
2127 1231 2395 1293 dolorem
2424 1252 2587 1295 sum-
2636 1244 2695 1296 lo
2785 1235 2786 1294 ζ

436 1335 601 1378 mum
630 1317 849 1379 malum
880 1315 1130 1392 iudicat,
1160 1316 1319 1397 apud
1349 1335 1486 1378 eum
1517 1334 1696 1395 quem
1730 1316 1910 1378 habet
1938 1317 2137 1378 locum
2166 1318 2240 1379 fo
2258 1318 2588 1393 rtitudo,

438 1422 588 1483 quae
631 1410 720 1464 est
762 1401 1035 1463 dolorum
1062 1401 1455 1481 laborumque
1484 1399 1897 1481 contemptio?
1938 1401 2217 1473 Quamvis
2245 1402 2405 1464 enim
2432 1403 2589 1465 mul-

434 1489 512 1550 tis
541 1488 687 1550 locis
716 1488 872 1549 dicat
897 1486 1223 1567 EpicuruS,
1268 1486 1443 1549 sicuti
1472 1486 1630 1563 dicit,
1661 1487 1804 1549 satis
1843 1486 2079 1549 fortiter
2120 1488 2191 1549 de
2221 1487 2455 1564 dolore,
2496 1496 2587 1549 ta-

434 1592 574 1634 men
604 1592 731 1642 ¹non
761 1571 821 1634 id
850 1573 1239 1653 spectandum
1268 1581 1385 1648 est,
1430 1573 1572 1653 quid
1601 1572 1774 1648 dicat,
1808 1573 1912 1634 sed
1942 1573 2085 1651 quid
2113 1581 2585 1636 consentaneum

435 1659 511 1719 sit
554 1658 609 1718 ei
638 1657 864 1733 dicere,
910 1658 1013 1737 qui
1041 1658 1201 1720 bona
1227 1658 1530 1739 voluptate
1559 1658 1991 1735 terminaverit,
2034 1658 2186 1719 mala
2223 1658 2457 1720 dolore:
2497 1667 2587 1735 ut,
2633 1669 2696 1722 15
2785 1667 2786 1730 j

436 1744 487 1806 si
515 1742 680 1808 illum
711 1742 942 1805 audiam
972 1743 1045 1804 de
1076 1743 1447 1806 continentia
1488 1751 1547 1805 et
1574 1743 1998 1824 temperantia,
2045 1743 2186 1806 dicit
2218 1742 2315 1805 ille
2347 1743 2586 1823 quidem
2695 1775 2709 1788 ,

434 1828 620 1890 multa
662 1828 866 1891 multis
903 1827 1080 1905 locis,
1122 1830 1227 1891 sed
1266 1848 1421 1909 aqua
1462 1830 1695 1906 haeret,
1737 1837 1804 1891 ut
1833 1829 2019 1891 aiunt.
2078 1828 2226 1890 Nam
2258 1829 2362 1909 qui
2389 1837 2589 1909 potest

436 1922 504 1975 te
518 1933 580 1975 m
595 1933 633 1994 p
651 1934 683 1976 e
698 1933 729 1976 r
741 1933 774 1975 a
788 1934 828 1976 n
843 1922 867 1975 t
880 1913 898 1975 i
913 1933 1020 1976 am
1042 1914 1281 1976 laudare
1303 1914 1372 1990 is,
1396 1914 1499 1994 qui
1522 1923 1708 1996 ponat
1729 1932 2027 1977 summum
2050 1914 2278 1976 bonum
2300 1914 2360 1976 in
2374 1914 2588 1995 volup-

433 2008 552 2061 tate
568 1998 598 2060 ?
624 1999 731 2061 Est
746 2000 904 2061 enim
919 2000 1311 2080 temperantia
1327 1999 1641 2061 libidinum
1658 1999 1914 2076 inimica,
1930 1999 2208 2061 libidines
2222 2007 2419 2062 autem
2436 2018 2585 2061 con-

333 2089 418 2140 118
434 2085 772 2147 sectatrices
792 2084 1126 2164 voluptatis.
1161 2086 1352 2164 Atque
1369 2086 1432 2146 in
1455 2085 1548 2147 his
1569 2094 1767 2146 tamen
1789 2085 1982 2147 tribus
2004 2085 2325 2166 generibus
2342 2104 2583 2164 quoquo
2631 2098 2690 2150 20

433 2171 611 2231 modo
657 2178 911 2251 possunt
952 2188 1075 2231 non
1117 2170 1389 2232 incallide
1432 2170 1913 2251 tergiversantur.
1972 2170 2354 2233 Prudentiam
2391 2170 2585 2232 intro-

434 2255 662 2317 ducunt
689 2255 996 2318 scientiam
1024 2255 1505 2337 suppeditantem
1532 2255 1882 2337 voluptates,
1913 2255 2308 2338 depellentem
2330 2256 2584 2319 dolores.

508 2411 550 2459 1.
601 2408 739 2457 viris
772 2410 1026 2473 equisque
1077 2407 1158 2460 ein
1193 2407 1457 2460 iihnlicher
1557 2406 1714 2459 allein
1733 2405 1816 2458 die
1830 2406 2046 2473 Tugend
2064 2407 2224 2474 gicht,
2247 2407 2390 2459 nicht
2407 2406 2590 2474 gh‘ick-

429 2473 701 2527 Ausdruck
752 2475 854 2527 wie
899 2474 941 2527 11
993 2477 1025 2541 ξ
1069 2478 1134 2530 84
1187 2479 1353 2527 armis
1405 2482 1457 2527 et
1557 2475 1662 2528 lich
1698 2475 1808 2527 sein
1844 2474 2032 2541 konne,
2068 2475 2232 2528 lehrte
2267 2476 2400 2528 auch
2434 2491 2505 2528 er.

433 2546 640 2595 eastris.
1626 2547 1675 2599 5.
1735 2550 1789 2595 et
1845 2544 2059 2610 quidem
2114 2559 2350 2610 summa,
2414 2545 2586 2597 zumal

500 2615 548 2664 4.
602 2610 938 2679 Metrodorus
984 2626 1076 2665 aus
1117 2611 1317 2677 Athen,
1366 2611 1456 2664 der
1558 2627 1711 2664 wenn
1748 2626 1803 2664 er
1837 2611 1928 2664 der
1960 2612 2178 2664 hochste
2212 2612 2297 2665 ist.

431 2679 898 2746 Lieblingsschiiler
912 2679 1125 2748 Epikur,
1142 2679 1276 2733 der7
1299 2679 1455 2733 Jahre
1626 2683 1673 2734 6.
1726 2679 1868 2732 Nam
1918 2683 2017 2732 ubi
2060 2709 2105 2718 -
2153 2680 2299 2732 loeus
2347 2680 2585 2748 dabitur,

432 2747 605 2800 friiher
617 2748 696 2800 als
709 2747 817 2800 sein
829 2748 1016 2800 Lehrer
1027 2749 1183 2801 starb.
1207 2747 1264 2801 ln
1282 2748 1452 2802 vielen
1556 2748 1756 2801 welche
1803 2747 1967 2800 Stelle
2013 2748 2194 2801 nimmt
2241 2749 2317 2801 sie
2362 2748 2415 2800 in
2465 2748 2585 2801 dem

431 2813 690 2868 Schriften
707 2816 798 2868 hat
817 2831 871 2868 er
887 2832 979 2869 zur
990 2816 1334 2884 Verbreitung
1346 2815 1453 2870 und
1556 2815 1767 2884 System
1810 2817 1908 2870 ein.
1980 2817 2125 2883 quod
2158 2822 2337 2869 autem
2369 2832 2585 2884 munus,

429 2882 756 2951 Ausbildung
789 2884 878 2936 der
906 2884 1067 2936 Lehre
1100 2885 1454 2952 beigetragen‚
1554 2885 1783 2938 welches
1806 2884 1875 2938 ist
1897 2884 2007 2937 ihre
2030 2884 2284 2952 Aufgabe.
2331 2884 2424 2936 Die
2454 2885 2586 2938 Ant-

430 2951 663 3004 weshalb
686 2967 740 3002 er
758 2951 821 3004 de
840 2950 927 3004 fin.
947 2951 1163 3019 1128,92
1184 2969 1357 3020 paene
1375 2952 1454 3005 al-
1554 2957 1689 3006 wort
1707 2953 1873 3006 lautet
1895 2953 1989 3005 auf
2007 2953 2158 3005 beide
2177 2953 2374 3021 Fragen
2392 2953 2582 3020 gleich‚

431 3020 796 3086 terEpieurus
808 3025 1034 3086 genennt
1046 3020 1189 3073 wird.
1209 3020 1460 3074 Derselbe
1551 3020 1658 3072 und
1683 3019 1828 3073 datin
1851 3021 1980 3087 liegt
2009 3022 2123 3073 eine
2148 3020 2584 3088 Weitschweifig-

428 3087 714 3141 Grundsatz
743 3088 845 3140 wie
880 3087 990 3140 hier
1017 3088 1147 3141 wird
1181 3088 1286 3141 ihm
1321 3090 1454 3142 auch
1554 3088 1666 3141 keit
1700 3088 1790 3141 der
1824 3087 1981 3142 Rede.
2050 3089 2106 3141 ln
2152 3089 2242 3142 der
2287 3090 2380 3142 mit
2424 3104 2588 3156 ⁴ange-—

428 3172 530 3236 von
550 3156 787 3240 Clemens
801 3155 946 3243 Alei}⁸
969 3157 1204 3212 strom.ll
1227 3175 1276 3226 p.
1292 3161 1391 3239 4‘17
1415 3158 1452 3210 C
1556 3156 1764 3241 fiihrten
1811 3156 2051 3240 Antwort
2098 3157 2166 3210 ist
2213 3173 2278 3211 zu
2327 3159 2584 3238 ergiinzen

426 3225 728 3363 {aare}
759 3223 1451 3360 attererent&
1551 3225 1809 3360 aasz
1845 3225 2332 3360 atrewas}
2357 3226 2590 3348 εἰπέ

425 3357 756 3433 τοπαθούσῃ
814 3362 896 3434 τῇ
943 3365 1102 3433 σαρκὶ
1168 3365 1328 3434 γενέσ
1378 3381 1452 3426 αι,
1552 3364 1878 3415 honestatem
1908 3378 1969 3414 eo
1997 3362 2111 3414 loeo
2136 3364 2344 3428 habeat,
2379 3367 2444 3413 ut
2463 3365 2588 3414 sine

424 3423 455 3481 ὅ
491 3447 552 3481 τε
589 3425 959 3500 Μητρόδωρος
987 3427 1263 3513 Ἅγαθόν,
1301 3446 1451 3500 φησι,
1554 3448 1616 3483 ea
1649 3431 1883 3483 iucunde
1916 3435 2080 3496 neget
2109 3447 2264 3498 posse
2296 3432 2424 3482 vivi.

425 3498 594 3568 ψυχῆς
637 3502 700 3551 τί
740 3495 872 3550 ἄλλο
919 3493 953 3564 ἢ
1000 3517 1065 3552 το
1113 3495 1312 3569 σαρκὸς
1369 3492 1452 3550 εὗ-
1626 3502 1706 3554 14.
1741 3500 1804 3550 id
1833 3499 2183 3566 spectandum
2218 3504 2309 3565 eet,
2345 3499 2479 3564 quid
2502 3499 2587 3550 di—

423 3566 633 3687 22232'5
681 3561 1183 3688 exercete
1204 3565 1452 3688 fines}
1720 3568 2034 3703 ffrdaefs‘
2179 3567 2480 3635 Emer
2515 3583 2586 3621 m

425 3654 604 3757 wovlltne
641 3702 962 3786 Metrodorus
1006 3655 1198 3784 indg‘ss·
1227 3718 1324 3757 nur
1370 3719 1453 3785 sa·
1625 3707 1704 3757 17.
1752 3676 1895 3824 agua
1943 3676 2159 3784 (mereti
2206 3719 2260 3756 er
2294 3703 2434 3784 kann
2469 3702 2583 3756 sich

424 3770 814 3906 53351-333513113
849 3771 923 3906 ¹32
960 3772 1331 3907 ess¹¹¹32¹1⁰sti⁴¹2⁸1ss
1366 3771 1450 3893 Ἓξ
1550 3771 2589 3908 xxm„,⁰¹5352532‘033‘33‘0135v0321i‘0552
2666 3809 2670 3811 ’

426 3905 709 3985 Grundelie
749 3908 876 3960 ende
891 3907 1227 3962 sei.Dassder
1291 3909 1450 3961 ensch
1548 3907 1834 3961 Redensart
1881 3909 1944 3961 ad
1994 3908 2165 3970 Quint.
2206 3909 2242 3962 f.
2279 3908 2320 3960 11
2355 3911 2404 3972 8,
2440 3910 2472 3960 2
2519 3910 2588 3960 in

428 3973 562 4025 ohne
605 3974 686 4027 dle
767 3976 866 4027 uhe
902 3976 992 4028 der
1027 3975 1204 4043 Seele,
1249 3976 1452 4030 welche
1553 3978 1654 4029 hac
1690 3994 1853 4031 eausa
1887 3979 2029 4029 milti
2062 3993 2205 4044 aqua
2241 3979 2438 4030 haeret.
