2813 4537
419 261 502 324 48
860 228 879 240 ’
1028 243 1133 316 ’ΒΕ
1170 260 1431 316 omens
1466 261 1584 317 ue.
1619 262 1656 316 1.
1725 261 1868 316 cAP.
1904 265 1953 316 9.

345 443 386 500 9
589 437 1150 502 Praetermittendae
1216 445 1415 501 autem
1482 434 1847 499 defensionis
1903 433 2330 514 deserendique
2386 432 2570 496 officii

314 534 376 585 28
417 526 624 609 plures
653 524 858 587 ,solent
902 542 1031 586 esse
1060 540 1303 585 causae..
1374 522 1533 584 Nam·
1552 529 1655 584 aut
1683 521 2023 583 inimicitias
2051 527 2152 582 aut
2179 518 2442 582 laborem
2467 528 2572 584 aut

419 618 693 690 sumptus
721 608 1022 691 suscipere
1052 608 1285 681 nolunt,
1312 617 1416 670 aut
1443 608 1616 671 etiam
1647 606 2041 685 neglegentia,
2069 604 2327 686 pigritia,
2356 606 2593 670 inertia‘

418 705 519 759 aut
563 697 686 759 suis
726 696 934 758 studiis
964 693 1314 776 quibusdam
1344 691 1904 775 occupationibusve
1933 690 2021 752 sic
2046 690 2474 771 impediuntur,
2502 705 2571 756 ut

419 800 542 857 eos,
588 801 739 862 quos
777 780 956 843 tutari
1001 780 1272 865 debeant,
1302 779 1567 841 desertos
1595 796 1725 840 esse
1756 777 2072 858 patiantur.
2131 774 2337 858 Itaque
2366 778 2571 842 viden·
2614 786 2645 837 5

417 868 560 930 dum
591 876 681 929 est
710 886 786 928 ne
817 885 938 928 non
970 866 1113 927 satis
1141 866 1219 928 sit
1244 865 1325 940 id,
1356 864 1515 946 quod
1546 862 1702 945 apud
1731 862 2042 925 Platonem
2092 870 2184 924 est
2211 863 2275 925 in
2303 864 2571 945 philoso-

417 955 573 1034 phos
615 952 835 1014 dictum
856 997 871 1025 ,
924 951 1083 1031 quod
1111 950 1175 1013 in
1204 951 1326 1012 veri
1355 949 1809 1029 investigatione
1836 956 2146 1010 versentur
2173 949 2452 1031 quodque
2480 969 2571 1027 ea,

419 1056 571 1119 quae
600 1037 871 1119 plerique
899 1037 1278 1099 vehementer
1305 1045 1603 1117 expetant,
1639 1035 1712 1097 de
1742 1033 1961 1116 quibus
1986 1034 2147 1095 inter
2176 1052 2242 1096 se
2266 1034 2572 1114 digladiari

417 1122 678 1198 soleant,
722 1131 1104 1184 contemnant
1146 1130 1205 1184 et
1234 1139 1343 1203 pro
1374 1121 1562 1184 nihilo
1595 1127 1826 1202 putent,
1855 1126 2173 1201 propterea
2200 1119 2392 1182 iustos
2420 1139 2569 1184 esse.
2649 1184 2656 1190 ,

415 1207 566 1270 Nam
607 1208 858 1271 alterum
902 1207 1161 1269 iustitiae
1202 1225 1391 1287 genus
1431 1213 1855 1287 assequuntur,
1885 1205 2193 1267 inferenda
2222 1224 2299 1267 ne
2328 1206 2427 1269 cui
2455 1225 2570 1271 no-
2615 1217 2678 1268 10

417 1299 592 1355 ceant
613 1292 850 1367 iniuria,
880 1292 943 1354 in
972 1293 1161 1355 altero
1191 1292 1581 1373 delinquunt:
1614 1291 1879 1354 discendi
1897 1290 2067 1352 enim
2096 1290 2290 1353 studio
2318 1291 2568 1374 impedi-

415 1378 462 1445 ti
507 1396 663 1458 quos
700 1378 853 1441 tueri
897 1377 1114 1441 debent
1153 1378 1455 1440 deserunt.
1541 1377 1749 1459 Itaque
1778 1395 1881 1440 eos
1909 1395 1989 1438 ne
2014 1376 2087 1439 ad
2116 1394 2243 1438 rem
2270 1377 2570 1458 publicam

419 1462 655 1544 quidem
704 1481 1049 1526 accessuros
1097 1471 1266 1545 putat
1313 1464 1430 1525 nisi
1479 1472 1737 1526 coactos.
1823 1460 2086 1543 Aequius
2129 1471 2325 1525 autem
2356 1472 2481 1527 erat
2507 1465 2570 1526 id

296 1620 301 1623 .
416 1548 718 1611 voluntate
746 1549 893 1611 fieri.
958 1547 1105 1611 Nam
1135 1550 1251 1611 hoc
1280 1550 1479 1630 ipsum
1507 1549 1588 1611 ita
1614 1548 1843 1610 iustum
1869 1556 1976 1623 est,
2008 1548 2165 1628 quod
2196 1557 2359 1611 recte
2388 1550 2488 1624 fit,
2516 1550 2569 1611 si

313 1638 376 1687 29
419 1643 508 1697 est
534 1634 951 1696 voluntarium.
1040 1633 1200 1696 Sunt
1227 1634 1422 1711 etiam,
1464 1634 1567 1715 qui
1596 1642 1699 1696 aut
1724 1633 1920 1695 studio
1950 1632 2038 1694 rei
2066 1632 2367 1696 familiaris
2394 1643 2571 1698 tuen·
2614 1642 2678 1695 15

416 1720 525 1783 dae
567 1728 670 1782 aut
712 1718 849 1782 odio
895 1719 1148 1800 quodam
1189 1721 1504 1782 hominum
1533 1738 1709 1782 suum
1737 1738 1801 1781 se
1828 1718 2136 1799 negotium
2167 1737 2341 1798 agere
2369 1720 2570 1783 dicant

487 1858 534 1907 5.
582 1853 871 1905 videndum
907 1857 984 1904 est
1016 1853 1127 1906 hier
1162 1854 1303 1907 nicht
1339 1855 1442 1906 wie
1546 1852 1746 1904 welche
1782 1851 1873 1904 das
1897 1851 2128 1904 Letztere
2152 1853 2455 1921 annehmen,
2490 1870 2568 1907 er-

418 1921 452 1989 §
472 1925 553 1975 43.
577 1925 672 1974 145
693 1947 764 1967 =
782 1922 1081 1973 curandum
1103 1927 1195 1987 est,
1220 1921 1444 1975 sondern
1546 1919 1725 1974 klfiren
1772 1934 1867 1972 aus
1900 1923 2142 1972 iustitiae
2170 1936 2346 1986 genus
2390 1924 2466 1976 sei
2501 1939 2566 1976 zu

415 2015 487 2037 ,τι
511 1990 801 2041 verendum
817 1994 911 2054 est,
938 1994 1020 2042 est
1036 1990 1107 2042 ist
1123 2005 1188 2042 zu
1204 1989 1444 2043 fdrchten
1543 1993 1606 2040 in
1641 1990 1735 2040 alt.
1769 1991 1877 2040 inc.
1919 1990 2235 2041 ‘iniustitiae
2261 1993 2454 2057 genus’
2500 2007 2567 2044 zu

398 2057 565 2118 ‘dass3
625 2056 778 2111 Tusc.
813 2057 834 2108 1
870 2060 964 2123 34,
1001 2060 1065 2110 83
1117 2058 1240 2109 vide
1289 2075 1358 2110 ne
1409 2075 1443 2110 a
1546 2059 1817 2123 erginzen,
1836 2071 1947 2110 was
1965 2057 2252 2124 sprachlich
2269 2060 2568 2127 unmoglich

417 2127 578 2178 malis
612 2126 725 2177 diei
756 2129 937 2177 verius
967 2129 1152 2192 possit.
1546 2125 1652 2178 und
1684 2124 1887 2191 logisch
1910 2124 2072 2177 falsch
2099 2127 2254 2192 ware,
2290 2126 2424 2180 deun
2448 2127 2567 2181 dem

489 2197 538 2247 6.
572 2194 720 2261 apud
751 2194 1058 2245 Platonem:
1100 2193 1163 2246 de
1198 2210 1252 2248 re
1286 2211 1336 2262 p.
1373 2194 1443 2246 Vl
1545 2193 1776 2244 alterum
1810 2196 1933 2246 iust.
1964 2209 2137 2259 genus
2179 2194 2319 2247 kann
2353 2212 2448 2249 nur
2480 2197 2567 2249 ein

458 2304 470 2316 .
506 2265 606 2317 485
628 2261 664 2314 f.
700 2262 769 2315 ist
808 2262 899 2314 der
931 2261 1174 2316 Gedanke
1209 2263 1447 2317 weitlfiu·
1545 2261 1776 2314 alterum
1834 2261 2103 2315 dei-selben
2158 2262 2253 2316 Art
2309 2268 2569 2333 entgegen

417 2280 1221 2453 {zztzxrsssfihafffifflefiff
1241 2333 1444 2455 1⁸35?ss
1582 2329 2380 2463 estrada-...Habitat
2400 2334 2569 2467 «ἓξὲξ

419 2462 495 2521 ὦς
545 2467 650 2520 νῦν
702 2414 790 2519 ac‘g
812 2416 1280 2532 πολλαὶΡῖπόλεῙιὶὲ)
1332 2464 1443 2523 ὑπὸ
1544 2440 1767 2520 sondern
1801 2484 1896 2521 nur
1924 2466 2007 2520 die
2030 2414 2487 2535 Ungeffechtiglxeit
2510 2443 2568 2523 ui

418 2533 874 2603 σκιαμαχούντων
909 2554 970 2589 τε
1012 2533 1147 2607 πρὸς
1186 2531 1445 2604 ἀλλήλους
1544 2534 1635 2588 der
1651 2534 1826 2588 Weise
1860 2536 1962 2599 ein,
1998 2536 2100 2588 wie
2135 2536 2246 2589 hier
2280 2539 2564 2603 geschicht.

416 2608 509 2656 καὶ
541 2599 962 2669 στασιαζόντων
980 2606 1226 2676 περὶτοῦ
1255 2603 1443 2680 ἄρχειν
1542 2601 1643 2656 Der
1676 2604 1859 2656 Fehler
1891 2605 1983 2656 der
2016 2602 2179 2657 Stelle
2213 2605 2415 2658 scheint
2448 2607 2567 2661 des-

414 2673 712 2726 οἰκοῢνται.
1543 2672 1665 2724 halb
1699 2673 1752 2725 in
1789 2676 1912 2724 iust.
1941 2688 2002 2737 g.
2033 2688 2199 2739 asseq.
2232 2688 2298 2726 zu
2332 2675 2565 2741 stccken,

415 2742 1022 2876 pnssiioss’z'ifssfflssssain
1032 2741 1445 2862 ἔθ’ῗὲοῗὲἳὲἓ
1542 2740 2567 2876 ἶὲἓὲῗιὲἓὲἷέῗαῗὲἓέἒᾙιὲἑῗᾱζᾞ

416 2880 478 2928 in
513 2892 630 2929 eam
666 2876 834 2941 legem
866 2880 1052 2927 senior
1073 2849 1120 2915 -’
1149 2892 1310 2942 quam
1344 2878 1444 2930 illa
1519 2869 1723 2929 ‘wurde
1745 2879 1803 2928 in
1829 2877 2058 2929 alterum
2080 2880 2188 2931 inc.
2210 2850 2402 2946 richtig’
2432 2880 2561 2934 sein.

418 2950 566 2996 aetas
587 2944 797 3008 ferebat
819 2948 1014 2997 oratio.
1049 2944 1118 2997 ib.
1142 2948 1237 2998 164
1262 2946 1358 2997 illa
1381 2950 1442 2998 in
1543 2944 1716 3012 Unger
1750 2943 1943 2997 erklfirt
1978 2945 2060 2999 die
2095 2961 2257 3013 ganze
2285 2945 2447 3001 Stelle
2483 2948 2568 3001 fiir

420 3013 588 3079 legem
608 3013 890 3078 Caepionis
906 3016 1102 3065 oratio.
1126 3012 1190 3066 de
1207 3029 1279 3068 or.
1298 3014 1340 3066 11
1357 3018 1441 3080 86,
1542 3014 1748 3067 unacht.
2095 3036 2099 3040 ·

417 3083 517 3135 352
554 3095 675 3133 cum
709 3086 927 3133 cenaret
959 3081 1261 3134 Simonides
1294 3084 1444 3151 apud
1616 3083 1694 3134 12.
1732 3083 1919 3147 Itaque
1952 3086 2050 3134 cet.
2088 3083 2295 3136 bezieht
2328 3083 2439 3136 sich
2475 3085 2570 3138 auf

415 3149 646 3218 Scopam
666 3178 709 3187 -
725 3152 1102 3216 cecinissetque
1123 3151 1188 3202 id
1206 3166 1440 3217 carmen,
1542 3151 1692 3217 apud
1722 3150 1996 3202 Platonem
2030 3150 2233 3202 dictum
2265 3151 2475 3205 zui-ticli.

451 3219 564 3270 uod
583 3221 644 3269 in
669 3234 787 3269 eum
811 3221 1140 3286 sem‘psisset:
1162 3220 1296 3272 noch
1312 3220 1441 3273 hau·
1613 3221 1692 3273 13.
1713 3224 1885 3285 putat,
1909 3216 2059 3272 Plato
2081 3219 2148 3271 de
2165 3234 2271 3287 rep.
2292 3219 2381 3287 lp.
2402 3223 2501 3274 347
2522 3220 2562 3272 G

456 3301 547 3353 ger
580 3287 722 3339 steht
754 3290 816 3339 in
848 3287 944 3352 mit
978 3286 1095 3340 dem
1120 3286 1330 3341 Ablativ
1359 3304 1437 3354 so,
1541 3281 1627 3339 δεῖ
1642 3282 1709 3353 δὴ
1722 3280 1903 3339 αὐτοῖς
1919 3282 2161 3358 ἀνάγκην
2172 3290 2457 3358 προσεῖναι
2468 3291 2563 3339 καὶ

413 3357 447 3420 ᾗ
488 3356 601 3407 139.
672 3353 824 3409 Tusc.
859 3355 922 3407 111
956 3358 1039 3422 26,
1075 3359 1141 3410 62
1185 3358 1314 3410 hinc
1343 3357 1439 3408 ille
1541 3357 1755 3425 ζημίαν,
1771 3355 1819 3407 εἰ
1829 3352 2348 3422 μέλλουσινὲθέλειν
2358 3352 2560 3427 ἄρχειν.

411 3423 746 3488 Agamemno
770 3425 1100 3491 Homericus,
1134 3429 1195 3477 in
1219 3441 1325 3492 quo
1353 3425 1440 3486 s'a·
1608 3426 1847 3491 Aequius
1881 3428 1978 3477 cet.
2073 3424 2175 3477 Gic.
2228 3424 2418 3491 folgert
2465 3441 2558 3479 so:

414 3496 589 3544 cetum
622 3490 763 3543 illud
793 3492 1001 3545 Bionis.
1538 3491 1693 3546 Wfire
1715 3508 1773 3545 es
1791 3490 2018 3546 Umecht
2040 3492 2158 3546 dem
2182 3491 2563 3546 Staatsdienste

489 3563 566 3612 11.
601 3562 664 3610 in
699 3560 868 3612 altero
904 3562 1231 3627 delinquunt
1238 3581 1260 3625 ,·
1294 3561 1438 3614 diese
1538 3561 1651 3614 sich
1685 3578 1749 3614 zu
1783 3560 2025 3627 widinen,
2060 3576 2120 3614 so
2143 3560 2314 3613 dui-{te
2349 3575 2467 3613 man
2501 3576 2560 3613 es

411 3628 592 3680 Lesart
635 3628 776 3681 einer
813 3630 1070 3696 jungeren
1114 3628 1235 3682 Hds.
1278 3629 1349 3682 ist
1381 3629 1437 3681 in
1539 3630 1670 3682 auch
1689 3630 1830 3682 nicht
1846 3641 2170 3696 gezwungen
2182 3629 2327 3695 thun,
2345 3628 2562 3695 folglieh

412 3696 793 3764 Ermangelung
826 3698 970 3750 eines
993 3695 1214 3750 Bessern
1246 3697 1302 3749 in
1334 3697 1438 3750 den
1538 3698 1608 3750 ist
1638 3713 1695 3750 es
1720 3697 1899 3763 Reum,
1930 3697 2036 3752 und
2071 3696 2250 3768 darum
2284 3698 2467 3764 gehort
2499 3713 2560 3751 es

411 3763 546 3817 Text
627 3769 825 3846 esetzt,
849 3833 860 3845 ι
882 3765 1056 3818 indem
1111 3765 1221 3846 sicli
1278 3764 1436 3818 kaum
1538 3766 1677 3833 sich,
1729 3781 1787 3819 es
1822 3765 2084 3848 freiwillig
2116 3783 2183 3819 zu
2219 3766 2374 3833 timu,
2422 3764 2560 3819 denn

404 3831 1329 3954 {ffessessagssi'uff'ssshrffiuzzdmoe
1257 3834 1437 3955 Lag}
1539 3850 1586 3887 ⁰⁶
1609 3834 2213 3970 iffieggslifiinuikfassi
2223 3875 2558 3970 ‘Beatum-g,

410 3969 602 4022 cidunt
647 3968 953 4023 entstanden
990 3970 1102 4022 sein
1138 3970 1253 4025 soll.
1322 3970 1433 4038 Die,
1536 3970 1608 4022 im
1641 3971 1782 4024 Falle
1817 3970 1953 4038 dass,
1989 3971 2090 4024 wie
2122 3974 2204 4023 ita
2235 3976 2301 4023 ut
2333 3969 2367 4037 ξ
2392 3971 2472 4025 88.
