2813 4537
864 283 949 337 DE
988 283 1249 338 OFFICIIS
1284 284 1404 339 ΗΒ.
1425 284 1461 340 1.
1533 285 1675 340 CAP.
1697 290 1778 342 37.

2295 284 2417 345 105

270 455 709 531 contentionis,
739 456 919 518 altera
949 457 1273 533 sei-monia,
1305 459 1613 521 contentio
1642 457 2169 540 disceptationibus
2196 457 2423 522 tribua-

270 550 369 605 tur
396 542 785 617 iudiciorum,
815 542 1164 605 contionum
1186 588 1202 619 ,
1239 551 1512 620 senatus,
1542 562 1739 606 sermo
1767 543 1827 605 in
1860 542 2129 613 circulis,
2161 544 2424 625 disputa-

269 627 562 700 tionibus,
605 627 1130 706 congressionibus
1173 629 1547 692 familiarium
1592 636 1890 705 versetur,
1933 638 2215 710 sequatur
2250 630 2425 692 etiam

272 713 566 775 convivia:
608 713 1011 774 contentionis
1038 723 1353 796 praecepta
1380 715 1689 777 rhetorum
1719 721 1879 790 sunt,
1910 714 2070 777 nulla
2098 716 2424 790 sermonis3

270 816 625 879 quamquam
667 798 822 860 haud
853 798 977 861 scio
1007 818 1083 861 an
1115 800 1347 880 possint
1375 801 1522 862 haec
1551 817 1791 880 quoque
1834 817 1980 861 esse.
2041 799 2158 861 Sed
2192 800 2427 862 discen-

271 884 419 946 tium
448 883 659 946 studiis
700 883 1084 946 inveniuntur
1111 885 1406 965 magistri,
1447 885 1588 947 huic
1615 892 1810 946 autem
1843 884 1946 965 qui
1989 886 2264 947 studeant
2291 895 2431 948 sunt

271 968 455 1031 nulli:
484 970 792 1031 rhetorum
821 969 995 1032 turba
1023 970 1237 1032 referta
1269 971 1487 1032 omnia.
1538 969 1903 1051 Quamquam
1935 988 2088 1050 quae
2114 971 2426 1032 verborum

271 1055 821 1135 sententiarumque
859 1063 1174 1136 praecepta
1212 1067 1383 1130 sunt,
1434 1055 1632 1117 eadem
1677 1057 1749 1117 ad
1789 1072 2124 1117 sermonem
2165 1055 2430 1136 pertine·

272 1139 440 1201 bunt.
514 1139 629 1206 Sed
680 1158 819 1201 cum
868 1140 1160 1218 orationis
1209 1141 1467 1204 indicem
1513 1158 1717 1202 vocem
1768 1140 2119 1214 habeamus,
2172 1146 2236 1202 in
2286 1160 2430 1203 voce
2446 1148 2530 1199 133

272 1233 468 1287 autem
497 1224 617 1286 duo
648 1242 966 1305 sequamur
984 1270 1000 1300 ,
1041 1233 1112 1287 ut
1141 1226 1295 1288 clara
1325 1226 1436 1301 sit,
1475 1234 1544 1288 ut
1572 1225 1797 1301 suavis,
1833 1234 2154 1306 utrumque
2183 1226 2429 1287 omnino

275 1328 309 1372 a
340 1320 548 1372 natura
578 1311 908 1391 petundum
940 1321 1061 1387 ost,
1103 1329 1309 1373 verum
1338 1311 1584 1375 alterum
1619 1311 1957 1373 exercitatio
1986 1310 2257 1391 augebit,
2286 1311 2431 1373 alte-

273 1413 408 1459 rum
437 1395 682 1457 imitatio
710 1414 916 1477 presse
943 1395 1315 1477 loquentium
1357 1405 1418 1459 et
1461 1396 1691 1459 leniter.
1741 1395 1899 1459 Nihil
1940 1395 2055 1457 fuit
2095 1396 2155 1460 in
2193 1395 2433 1472 Catulis,

275 1492 344 1543 ut
373 1500 477 1543 eos
502 1481 796 1562 exquisito
837 1481 1056 1543 iudicio
1089 1491 1328 1563 putares
1355 1482 1445 1545 uti
1485 1481 1846 1545 litterarum:
1881 1498 2237 1562 quamquam
2268 1491 2436 1543 erant

275 1565 536 1643 litterati,
564 1567 666 1628 sed
698 1575 753 1629 et
783 1567 904 1642 alii,
927 1567 1209 1630 hiantem
1232 1568 1458 1649 optime
1476 1567 1566 1629 uti
1595 1566 1797 1647 lingua
1821 1567 2025 1629 Latina
2056 1566 2434 1647 putabantur.

280 1715 501 1769 samkeit
525 1733 573 1769 u.
601 1731 647 1770 c.
666 1719 730 1769 39
755 1716 883 1768 iiber
907 1716 1006 1769 den
1029 1716 1140 1770 Bau
1165 1718 1307 1769 eines

279 1783 493 1850 Hauses,
513 1799 623 1836 was
641 1784 736 1836 mit
755 1784 870 1836 dem
888 1784 998 1835 hier
1016 1801 1079 1836 zu
1098 1785 1308 1852 hespre-

281 1851 514 1904 ehenden
548 1852 856 1904 Abscbnitte
904 1852 994 1904 der
1027 1850 1306 1905 Pflicbten-

279 1920 423 1973 lebre
457 1920 688 1972 insofern
723 1920 1194 1988 zusammenbfingt‚
1229 1920 1307 1973 als

280 1989 392 2041 sich
413 1988 496 2041 die
516 1987 733 2056 Tugend
749 1988 842 2041 der
856 2004 959 2041 κοσ
998 1986 1147 2055 ω’τησ
1175 1989 1308 2042 auch

281 2057 333 2110 in
371 2057 460 2109 der
494 2056 634 2109 Rede
669 2055 774 2109 und
809 2061 930 2109 miin
969 2057 1154 2110 lichem
1184 2057 1310 2109 Ver-

283 2125 412 2178 kebr
446 2124 541 2177 mit
562 2123 771 2177 Andern
807 2125 913 2178 und
945 2125 1009 2187 irr
1035 2125 1128 2178 der
1148 2124 1310 2179 Haus-

282 2193 611 2260 einriebtung
639 2193 793 2260 zeigt.
847 2192 1016 2247 Ueber
1044 2194 1127 2246 die
1146 2193 1312 2247 Rede-

283 2261 550 2383 ίῐῗήίςίιείι
575 2261 787 2315 bandelt
818 2262 871 2315 in
891 2262 1117 2330 gleicher
1135 2261 1309 2316 Weise

362 2346 405 2383 c.
447 2334 525 2384 14.

354 2399 430 2449 Et
448 2401 704 2463 quoniam
717 2413 920 2463 magna
944 2403 1026 2450 vis
1044 2402 1314 2452 orationis

286 2470 379 2519 est.
438 2466 539 2518 Cic.
565 2465 745 2518 wollte
770 2469 905 2518 etwa
932 2466 1212 2520 fortfahren
1247 2469 1314 2519 de

287 2537 390 2587 huc
424 2550 634 2601 quoque
663 2549 843 2600 pauca
869 2534 1112 2586 dicamus
1128 2534 1181 2602 (ᾖ
1200 2537 1314 2590 122.

293 2603 442 2667 126);
495 2601 617 2654 weil
652 2617 707 2654 er
742 2601 864 2654 aber
903 2601 995 2654 auf
1038 2602 1121 2655 die
1154 2603 1314 2655 Arten

292 2670 381 2724 der
415 2669 557 2723 Rede
593 2670 824 2737 sogleich
861 2669 1098 2737 eingebt,
1142 2670 1317 2738 bringt

290 2754 345 2791 er
396 2737 495 2792 den
530 2738 809 2791 Gedanken
864 2737 955 2791 des
1000 2737 1317 2792 Nacbsatzes

290 2810 456 2860 etwas
508 2806 781 2859 verfindert
843 2806 894 2859 in
948 2806 1047 2860 den
1101 2806 1317 2860 Worten

291 2877 656 2927 contentionis
703 2880 993 2943 praecepta
1039 2877 1318 2927 rhetorum

290 2948 443 3008 sunt,
478 2943 631 2994 nulla
663 2948 953 3010 sermonis,
996 2959 1319 3010 quamquam

291 3015 390 3066 cet.
444 3009 562 3078 Vgl.
601 3012 633 3077 ξ
676 3014 787 3065 153.

361 3080 536 3131 altera
548 3082 923 3133 contentionis.
944 3078 1015 3132 lm
1031 3079 1318 3148 Gegensatz

292 3163 410 3201 zum
446 3146 590 3200 Tone
647 3147 737 3200 des
784 3147 1178 3215 gewobnlicben
1223 3147 1320 3200 Ge-

293 3216 506 3283 sprfichs
524 3218 737 3279 (sm-mo)
773 3219 933 3268 neunt
969 3216 1072 3270 Cic.
1112 3216 1195 3269 die
1234 3229 1320 3283 ge-

293 3283 504 3349 wfiblte,
534 3283 886 3350 emphatiscbe
908 3283 1050 3337 Rede
1066 3284 1177 3337 bier
1198 3299 1322 3335 con-

296 3356 480 3416 tenuo,
500 3350 817 3403 anderwfirts
836 3355 1030 3417 oratio,
1056 3368 1129 3407 or.
1152 3355 1232 3419 19,
1253 3355 1320 3406 64

293 3423 479 3486 itaque
510 3433 685 3469 semo
718 3421 901 3484 potius
936 3434 1095 3486 quam
1140 3423 1318 3472 oratio

295 3488 518 3540 dicitur.
588 3501 914 3552 quamquam
961 3491 1102 3538 onim
1151 3491 1324 3539 omnis

296 3557 502 3609 locutio
553 3558 731 3606 oratio
777 3560 880 3620 est,
933 3559 1112 3607 tamen
1159 3559 1323 3607 unius

298 3627 536 3677 oratoris
571 3623 771 3675 locutio
809 3625 911 3675 hoc
936 3626 1167 3691 proprio
1203 3625 1324 3689 dig-

297 3698 431 3745 nata
461 3695 680 3745 nomine
715 3696 807 3743 est.

367 3763 415 3814 2.
450 3761 799 3824 iudiciorum,
827 3762 1153 3825 contionum,
1174 3776 1326 3812 sena-

300 3834 412 3881 tus:
448 3832 564 3881 ents
600 3828 823 3882 rechend
846 3828 945 3881 den
983 3830 1013 3881 3
1040 3826 1198 3880 Arten
1235 3828 1325 3882 der

297 3896 572 3951 Beredsam
611 3897 685 3950 eit
696 3896 972 3962 iudiciale,
991 3896 1326 3949 domonstra-

299 3969 486 4031 tivnm‚
523 3965 928 4019 deliberativum
938 3984 960 4029 ;
1006 3980 1046 4018 s.
1084 3980 1128 4018 z.
1164 3965 1205 4017 11
1238 3968 1322 4020 49.

1478 1721 1528 1769 5.
1554 1717 1649 1769 sed
1665 1717 1889 1769 discent.
1902 1717 2100 1768 studiis
2119 1722 2244 1769 eet.:
2281 1732 2435 1770 wenn

1412 1783 1628 1837 Scbiiler
1663 1783 1726 1835 da
1752 1784 1942 1849 waren,
1979 1800 2038 1837 so
2075 1784 2288 1837 wiirden
2324 1784 2435 1836 sich

1411 1852 1541 1906 auch
1576 1851 1761 1904 Lehrer
1795 1850 1984 1904 finden.

1479 1923 1527 1973 7.
1562 1922 1843 1972 rhetorum
1868 1921 2028 1971 turba
2039 1958 2055 1987 ,
2095 1920 2178 1973 die
2201 1919 2438 1972 Schuler-

1411 1989 1593 2044 schaar
1626 1987 1717 2041 der
1752 1987 2027 2041 Rhetoren.
2390 2054 2400 2065 ⁸

1412 2072 1805 2178 &2533th
1826 2058 2302 2177 ‹issr‘wfi'gi'ssssi‘ssss'ss‘
2343 2054 2439 2174 ’ἐξ

1412 2193 1593 2246 ziehen
1630 2193 1740 2257 sich
1776 2192 1868 2245 auf
1898 2192 2205 2257 Gedanken,
2244 2190 2439 2256 Worte,

1413 2260 1601 2317 Vortra
1638 2302 1650 2314 .
1720 2259 1830 2315 Nur
1879 2261 1934 2315 in
1979 2261 2158 2329 Bezug
2209 2259 2300 2314 auf
2349 2258 2440 2312 das

1412 2330 1572 2383 letzte
1644 2329 1793 2382 edarf
1823 2345 1881 2384 es
1928 2330 2010 2382 fur
2052 2330 2144 2382 das
2180 2328 2439 2396 Gesprfieh

1413 2397 1728 2451 besonderer
1762 2397 2132 2451 Vorscbriften.

1518 2469 1568 2518 9.
1601 2469 1870 2518 orationis
1886 2467 2136 2531 indicem,
2161 2465 2254 2517 das
2274 2463 2440 2531 Organ

1418 2534 1509 2586 der
1543 2532 1699 2586 Rede.

1492 2604 1571 2655 10.
1596 2606 1708 2652 πιέν.
1734 2617 1768 2652 a
1789 2606 1996 2653 natura
2010 2600 2345 2667 petundum:
2379 2614 2445 2651 zu

1418 2668 1622 2723 beidem
1659 2669 1842 2736 gehon-t
1876 2668 2161 2720 natur-liobe
2195 2665 2411 2733 Anlage.

1493 2740 1572 2791 12.
1593 2753 1807 2804 preste,
1837 2736 2092 2801 deutlich,
2123 2735 2263 2789 steht
2283 2735 2339 2786 in
2356 2734 2446 2786 der

1419 2804 1570 2858 Mitte
1588 2805 1848 2858 zwischen
1880 2820 2143 2872 expresse,
2174 2803 2351 2856 hiulce
2371 2803 2447 2855 lo-

1421 2877 1538 2940 qui,
1573 2873 1709 2927 breit
1743 2888 1769 2926 s
1806 2873 2009 2938 foeben,
2044 2872 2150 2926 und
2182 2887 2442 2939 oppresse,

1418 2941 1713 3004 verbaltem
1803 2956 1832 2994 e
1879 2958 1951 2995 or.
1988 2941 2051 2993 111
2090 2944 2180 3006 12,
2217 2945 2282 2994 45
2335 2955 2447 2991 non

1421 3026 1608 3078 aspere
1643 3039 1685 3049 -
1721 3026 1833 3062 non
1867 3014 2040 3076 vaste,
2091 3024 2202 3061 non
2233 3011 2449 3074 rustice,

1419 3094 1531 3130 mm
1567 3079 1771 3144 hiulce,
1818 3079 1914 3130 sed
1936 3094 2123 3145 prmo
2171 3083 2222 3128 et
2255 3092 2449 3143 aequa-

1423 3147 1600 3199 bilim-
1636 3152 1690 3197 εἰ
1724 3147 1933 3198 leniter.
1985 3146 2055 3198 ib.
2086 3149 2164 3210 11,
2191 3148 2258 3199 43
2294 3160 2447 3196 nemo

1421 3220 1502 3266 est
1519 3217 1653 3280 quin
1680 3215 2124 3266 Efferatissimum
2144 3218 2450 3278 togatorum

1423 3286 1665 3334 omnium
1732 3282 1790 3346 Q.
1847 3281 2128 3334 Valerium
2180 3280 2452 3333 Somnum

1426 3351 1645 3402 tenuitate
1668 3348 1934 3416 (Anmuth)
1969 3352 2115 3401 vocis
2138 3354 2297 3415 atque
2331 3352 2448 3415 ipso

1424 3421 1539 3471 oris
1553 3434 1805 3484 pressu
1838 3422 1891 3469 et
1911 3434 2044 3470 sono
2067 3416 2233 3479 facile
2255 3421 2452 3470 vincat.

1492 3490 1553 3538 in
1580 3485 1813 3539 Gamlis:
1848 3486 1881 3553 ὅ
1901 3489 1996 3540 109
2014 3503 2064 3539 ιι.
2087 3489 2166 3539 76.
2204 3484 2347 3538 Brut.
2368 3489 2450 3551 35,

1428 3558 1525 3610 133
1572 3553 1686 3616 fuit
1725 3558 1902 3621 igitur
1947 3559 2007 3606 in
2044 3554 2235 3607 Catulo
2277 3569 2451 3605 sermo

1423 3624 1654 3676 Latinus
1667 3642 1686 3673 .·
1723 3652 1762 3662 -
1795 3639 1923 3675 nam
1958 3623 2023 3675 de
2057 3637 2188 3674 cono
2223 3625 2370 3673 vocis
2402 3628 2455 3674 et

1424 3694 1691 3744 suavitate
1744 3691 2193 3759 appellandarum
2247 3690 2454 3742 littera·

1427 3775 1550 3811 rum
1576 3789 1616 3797 -
1640 3759 1760 3811 noli
1781 3765 2069 3827 empectare
2093 3758 2227 3825 quid
2258 3759 2452 3811 dicam.
2528 3814 2535 3821 ,

1428 3827 1493 3881 de
1528 3842 1602 3880 or.
1639 3826 1679 3878 11
1715 3831 1764 3893 7,
1801 3831 1881 3881 28.
1938 3827 2000 3880 111
2038 3829 2087 3892 8,
2124 3829 2206 3879 29.

1501 3898 1581 3949 14.
1633 3896 1729 3947 sed
1777 3901 1830 3949 et
1879 3899 2006 3962 atii,
2066 3900 2119 3947 et
2160 3894 2242 3946 fiir
2278 3899 2455 3960 etiarn,

1430 3963 1532 4015 wie
1558 3963 1869 4036 namentlicb
1895 3964 2025 4016 nach
2047 3962 2165 4029 sed,
2199 3979 2327 4013 nam
2349 3963 2455 4014 und
