2813 4537
152 1239 214 1294 10

154 1664 213 1717 15

807 295 893 348 DE
930 294 1192 349 orricns
1229 255 1357 349 ue(
1374 280 1410 350 1'.
1484 295 1625 350 cAP.
1652 299 1735 351 22.
1774 300 1854 352 23.

2344 296 2420 357 75

258 487 466 550 nuque
496 469 767 531 confecta
800 476 919 531 est:
962 469 1064 531 sed
1094 477 1290 531 tamen
1322 469 1380 530 id
1412 469 1610 550 ipsum
1643 477 1732 532 est
1775 477 2005 550 gestum
2038 471 2289 537 consilio
2320 492 2424 536 ur-

256 554 416 617 bano
459 554 588 616 sine
634 554 911 631 exercitu.
980 553 1132 615 Illud
1178 563 1374 616 autem
1421 555 1711 635 optimum
1754 564 1874 631 est,
1918 556 1981 618 in
2028 557 2187 638 quod
2234 557 2425 620 invadi
2468 570 2527 619 ’17

259 639 449 703 solere
479 639 553 701 ab
585 639 855 722 inprobis
885 648 945 701 et
971 639 1184 701 invidis
1212 639 1419 701 audio:

327 759 332 763 ·
658 726 873 788 Cedant
899 744 1069 788 arma
1095 735 1276 805 toqae,
1307 726 1574 789 concedat
1602 726 1805 789 laurea
1834 726 2014 790 laudi.

259 810 340 872 Ut
370 812 530 872 enim
557 811 705 872 alios
735 811 1018 886 omittam,
1052 809 1225 872 nobis
1254 828 1377 872 rem
1402 807 1704 892 publicam
1728 811 2199 890 gubernantibus
2220 830 2425 874 nonne

258 904 434 976 togae
462 915 624 960 arma
655 893 1005 958 cesserunt?
1050 896 1258 977 Neque
1301 897 1460 957 enim
1492 896 1825 978 periculum
1855 897 1917 959 in
1946 916 2012 959 re
2042 897 2280 979 publica
2310 898 2425 960 fuit

258 981 494 1061 gravius
526 1000 807 1063 umquam
837 1001 949 1044 nec
978 981 1171 1043 maius
1201 981 1422 1043 otium:
1455 982 1536 1043 ita
1568 982 1835 1047 consiliis
1865 982 2288 1064 diligentiaque
2312 1001 2424 1044 no-

259 1075 378 1130 stra
423 1067 694 1130 celeriter
736 1069 809 1129 de
837 1067 1112 1129 manibus
1155 1067 1681 1130 audacissimorum
1724 1068 1940 1131 civium
1980 1069 2217 1149 delapsa
2261 1086 2422 1129 arma

260 1153 389 1234 ipsa
418 1153 780 1215 ceciderunt.
840 1150 1002 1224 Quae
1044 1171 1142 1215 res
1182 1153 1363 1231 igitur
1405 1163 1568 1233 gesta
1608 1172 1888 1234 umquam
1931 1154 1990 1215 in
2023 1153 2184 1216 bello
2217 1150 2423 1216 tanta?

259 1239 362 1318 qui
404 1239 744 1320 triumphus
776 1235 1217 1301 conferendus?
1287 1238 1455 1300 Licet
1492 1239 1651 1300 enim
1673 1239 1851 1314 mihi,
1887 1237 2083 1302 Marce
2104 1238 2218 1313 fili,
2263 1239 2421 1320 apud
2466 1248 2523 1299 78

259 1323 620 1403 tegni-iuri,
664 1324 739 1386 ad
767 1343 945 1405 quem
976 1332 1034 1387 et
1061 1324 1357 1386 hereditas
1402 1324 1580 1385 huius
1612 1324 1832 1403 gloriae
1873 1333 1933 1386 et
1966 1325 2256 1387 factorum
2289 1324 2420 1386 imi-

256 1409 401 1471 tatio
433 1410 709 1490 pertinet.
768 1410 911 1472 Mihi
942 1409 1177 1492 quidem
1211 1418 1369 1472 certe
1408 1409 1497 1471 vir
1525 1408 1832 1472 abundans
1860 1409 2089 1472 bellicis
2128 1409 2421 1491 laudibuS‚

258 1493 368 1557 Gn.
398 1494 750 1577 Pompeiae,
791 1495 996 1558 multis
1024 1494 1401 1557 audientibus
1430 1496 1547 1557 hoc
1576 1494 1817 1570 tribuit,
1858 1506 1923 1557 ut
1953 1496 2175 1557 diceret
2202 1495 2420 1557 frustra

259 1599 323 1642 se
350 1578 721 1662 triumphum
752 1581 992 1643 tertium
1024 1581 1474 1662 deportaturum
1504 1581 1716 1655 fuisse,
1749 1580 1863 1642 nisi
1892 1599 2025 1643 meo
2055 1581 2117 1643 in
2151 1598 2278 1642 rem
2309 1598 2421 1661 pu·

258 1665 473 1728 blicam
517 1665 811 1728 beneficio
854 1665 959 1727 ubi
1002 1665 1397 1748 triumpharet
1440 1673 1597 1728 esset
1638 1666 1968 1728 habiturus.
2047 1665 2203 1728 Sunt
2244 1666 2424 1745 igitur

258 1751 612 1814 domesticae
642 1751 1021 1814 fortitudines
1051 1770 1173 1813 non
1205 1751 1518 1813 inferiores
1537 1749 1922 1812 militaribus:
1953 1751 2015 1812 in
2048 1750 2265 1831 quibus
2287 1750 2434 1831 plus

257 1836 432 1899 etiam
463 1855 640 1917 quam
668 1837 730 1898 in
762 1836 858 1899 his
886 1855 1101 1918 operae
1130 1837 1427 1918 studiique
1456 1836 1804 1918 ponendum
1833 1845 1939 1897 est.

418 1921 678 1985 Omnino
707 1922 854 1985 illud
883 1924 1197 1985 honestum
1217 1969 1235 1999 ,
1279 1923 1439 2003 quod
1470 1940 1541 1983 ex
1571 1921 1768 1983 animo
1811 1920 2040 1983 excelso
2070 1919 2418 1999 magnifico·
2448 1923 2524 1981 23

331 2078 378 2127 1.
417 2074 642 2126 coneilio
675 2075 914 2138 urbano,
950 2072 1108 2126 durch
1136 2072 1286 2125 einen

256 2140 536 2197 Beschluss
554 2142 757 2195 innerer
776 2140 971 2194 Politik
985 2181 998 2207 ‚
1032 2140 1130 2194 den
1149 2140 1286 2194 Rath

257 2211 400 2263 eines
438 2209 854 2277 StaatsmanneS,
890 2210 960 2261 im
996 2208 1283 2278 Gegensatz

258 2295 325 2333 zu
357 2279 596 2331 militare
632 2279 931 2334 eonsilium.

328 2352 376 2402 4.
417 2348 619 2401 Cedant
654 2363 808 2399 arma
845 2351 942 2402 cet.
1019 2345 1120 2398 Der
1154 2345 1285 2398 Vers

258 2415 329 2468 ist
364 2430 455 2480 aus
491 2415 608 2469 dem
643 2415 835 2468 dritten
856 2414 1033 2467 Buche
1069 2430 1172 2468 von
1207 2413 1286 2465 Ci-

261 2499 406 2537 ceros
442 2483 689 2537 Gediehte
724 2484 852 2536 fiber
888 2483 999 2535 sein
1022 2482 1284 2536 consulat.

262 2553 469 2618 laurea,
493 2552 584 2605 der
600 2551 981 2605 Lorbeerkranz
1001 2549 1092 2603 des
1110 2550 1288 2603 trium-

295 2620 543 2674 hirenden
555 2620 848 2686 Feldherrn,
862 2618 994 2671 wird
1006 2618 1096 2671 der
1106 2618 1288 2670 mund-

281 2689 432 2742 ichen
447 2688 722 2756 Belobung
743 2689 911 2753 (laus)
939 2690 1287 2753 entgegenge-

259 2762 412 2824 sem,
447 2758 548 2810 wie
582 2756 660 2810 sie
686 2757 788 2812 Cic.
824 2772 946 2810 vom
972 2754 1133 2808 Senat
1155 2756 1287 2807 nach

259 2825 690 2893 Unterdriiekung
736 2823 826 2878 der
872 2823 1287 2878 catilinarischen

257 2893 674 2961 Verschworung
720 2893 920 2948 erhielt.
1002 2891 1119 2944 Wie
1166 2891 1286 2944 sehr

258 2977 313 3015 er
336 2977 520 3030 vogen
556 2962 724 3015 dieses
742 2961 931 3015 Verses
955 2960 1286 3027 angeseindet

256 3031 451 3096 wide,
487 3030 647 3084 seben
671 3030 767 3083 wir
790 3046 883 3084 aus
918 3030 972 3082 in
996 3029 1171 3083 Pison.
1202 3031 1284 3094 30,

258 3098 380 3154 731.
434 3098 566 3154 Phil.
602 3098 643 3151 Π
681 3102 741 3165 8,
777 3102 842 3153 20
890 3114 990 3150 nec
1024 3113 1149 3149 vero
1186 3100 1287 3148 tibi

257 3167 324 3220 de
339 3170 582 3219 versibus
600 3168 766 3234 ptura
783 3166 1112 3235 respondebo
1123 3184 1143 3216 .·
1168 3170 1286 3217 tan·

257 3241 373 3288 tum
407 3236 585 3288 dicam
610 3238 857 3302 breviter,
895 3241 944 3287 te
966 3250 1139 3301 neque
1160 3234 1286 3285 illos

253 3319 428 3369 neque
460 3303 602 3354 ullae
634 3308 854 3356 omnino
881 3304 1090 3355 litteras
1112 3319 1282 3367 nosse,

254 3388 340 3423 me
386 3385 486 3422 nec
528 3374 616 3421 rei
693 3371 903 3423 ablicae
946 3387 1046 3422 nee
1091 3375 1285 3423 amieis

253 3453 511 3507 umquam
568 3439 635 3490 de
660 3442 804 3490 uisse
861 3442 961 3493 cet.
1066 3437 1284 3492 Manche

255 3510 452 3563 fassten
488 3507 588 3560 den
624 3506 755 3559 Vers
801 3522 955 3574 sogar
988 3507 1283 3573 personlich

255 3577 333 3630 als
368 3576 483 3630 eine
517 3575 869 3629 Herabsetzun
953 3575 1045 3627 des
1084 3573 1286 3643 kriege·

252 3644 457 3699 rischen
490 3643 719 3698 Ruhmes
753 3643 846 3697 des
925 3644 1176 3711 ompejus.

327 3717 376 3769 7.
411 3715 589 3764 maim
624 3716 809 3778 olium,
844 3711 1052 3766 tieferer
1085 3711 1282 3777 Friede‚

254 3781 321 3835 111
356 3781 458 3850 §3-
503 3780 689 3850 Hfiuflg
723 3782 866 3836 steht
902 3784 1073 3834 otium
1109 3794 1168 3833 so
1198 3780 1283 3832 bei

258 3850 472 3905 Sallust.
509 3848 619 3908 Cat.
664 3855 740 3917 10,
758 3853 807 3905 2.
850 3852 999 3917 11,5.
1039 3852 1121 3914 36,
1152 3852 1201 3903 4.
1235 3853 1282 3903 5.

327 3923 376 3975 8.
412 3917 628 3985 delapsa
648 3935 802 3972 arma
818 3923 939 3987 ipsa
957 3918 1284 3984 oeciderunt,

256 3989 372 4043 eine
401 3986 784 4055 pleonastische
804 3984 1282 4055 Ausdrucksweise‚

1388 2072 1595 2125 iihnlich
1628 2072 1682 2125 in
1714 2071 1863 2126 Cael
1897 2073 2032 2137 &16
2066 2074 2180 2122 sica
2216 2071 2421 2122 excidit

1390 2158 1517 2193 casu
1554 2141 1737 2207 aliquo
1776 2145 1828 2191 et
1864 2141 2042 2207 elapsa
2079 2144 2169 2193 est.

1467 2212 1542 2264 10.
1578 2209 1732 2261 Licet
1767 2211 1924 2262 enim.
1977 2206 2218 2260 Dieselbe
2255 2205 2420 2259 Kiirze

1389 2278 1442 2330 in
1478 2277 1568 2331 der
1593 2276 2216 2343 Gedankenverbindung‚
2252 2276 2355 2327 wie
2379 2274 2421 2326 11

1461 2349 1525 2401 32
1565 2351 1791 2413 possunt
1826 2349 1968 2397 enim
1999 2349 2282 2412 praeterea
2318 2348 2417 2412 cet.

1458 2430 1515 2467 as
1551 2415 1622 2467 ist
1656 2430 1722 2466 zu
1756 2416 2049 2480 erganzen‘?

1460 2485 1540 2536 13.
1596 2485 1712 2535 hoe.
1762 2487 1830 2536 tr.
1876 2486 1969 2533 ut.-
2021 2482 2418 2545 Aeusserungen

1387 2549 1478 2602 der
1501 2549 1612 2614 Art,
1649 2550 1769 2602 dass
1795 2565 1849 2601 er
1874 2554 2038 2616 sagte.
2076 2547 2139 2600 ad
2164 2548 2284 2601 fam.
2309 2546 2420 2616 Y111

1389 2621 1438 2684 8,
1459 2621 1490 2672 9
1529 2618 1628 2669 illa
1656 2618 1747 2670 Cn.
1778 2619 1992 2684 Pompei
2021 2620 2149 2667 sunt
2174 2615 2418 2679 animad-

1388 2703 1543 2739 versa
1576 2716 1620 2725 -
1654 2690 1720 2737 ut
1754 2685 1971 2739 diceret.

1461 2759 1542 2809 14.
1581 2756 1915 2822 triumphum
1951 2755 2189 2806 tertium.
2237 2751 2419 2804 Zuerst

1389 2824 1534 2878 hatte
1553 2822 1835 2890 Pompejus
1858 2822 1935 2877 als
1961 2820 2269 2889 Propraetor
2290 2820 2420 2872 fiber

1388 2891 1603 2945 Hiarbas
1660 2907 1766 2944 von
1824 2890 2096 2943 Numidien
2155 2887 2259 2941 und
2319 2887 2420 2940 den

1386 2959 1639 3013 Marianer
1685 2959 1940 3012 Domitius
1991 2957 2282 3025 triumphirt
2318 2960 2419 3011 674

1388 3030 1512 3095 (80),
1550 3028 1685 3081 daun
1722 3030 1821 3081 683
1849 3028 1954 3093 (71)
1997 3028 2125 3079 iiber
2161 3024 2418 3078 Sertorius

1386 3097 1494 3150 und
1529 3096 1735 3149 endlich
1761 3098 1860 3150 693
1884 3097 1989 3161 (61)
2024 3095 2153 3147 fiber
2188 3094 2271 3146 die
2296 3093 2420 3146 See-

1385 3166 1573 3219 riiuber
1599 3165 1703 3217 und
1727 3163 2051 3216 Mithridates
2074 3178 2125 3216 u.
2152 3161 2416 3228 Tigranes

1389 3234 1493 3288 Cic.
1540 3232 1673 3286 Phil.
1721 3231 1763 3283 11
1808 3237 1854 3298 5,
1896 3235 1957 3285 12
2005 3233 2243 3282 maoeime
2290 3246 2415 3281 vero

1388 3302 1728 3355 consulatum
1775 3315 1951 3352 meum
2007 3299 2099 3353 Cn.
2136 3300 2418 3365 Pompeius

1381 3373 1654 3438 probavit,
1690 3372 1786 3436 qui
1810 3373 1874 3420 ut
1901 3384 1986 3420 me
2012 3371 2250 3435 primum
2270 3367 2417 3419 deee-

1386 3439 1520 3490 dene
1554 3455 1624 3490 eoe
1648 3438 1815 3506 Syria
1837 3437 1993 3504 vidit,
2030 3437 2339 3504 complexus
2364 3442 2417 3488 et

1380 3506 1674 3574 gratulans
1715 3522 1832 3559 meo
1878 3505 2132 3569 beneficio
2176 3508 2416 3572 patriam

1384 3593 1441 3628 se
1474 3580 1717 3627 visurum
1752 3591 1860 3626 esse
1895 3575 2057 3627 dimit.

1462 3648 1539 3704 16.
1574 3642 1962 3705 fortitudines.-
1997 3658 2038 3697 e.
2075 3658 2121 3695 z.
2158 3641 2190 3705 ἓ
2228 3643 2311 3694 41.

1465 3715 1541 3768 18.
1566 3713 1809 3766 Omnino.
1822 3711 1909 3771 ,An
1925 3711 2007 3764 die
2018 3708 2273 3776 Beispiele
2286 3709 2417 3761 wird

1386 3781 1481 3834 mit
1519 3785 1737 3834 omnino
1773 3780 1863 3833 der
1890 3778 2194 3847 allgemeine
2212 3776 2416 3831 Beweis

1387 3849 1740 3917 geschlossen‚
1764 3848 1854 3901 der
1869 3848 1982 3900 sich
2000 3862 2166 3967 &effi-:¹
2187 3845 2288 3926 den
2297 3845 2417 3898 Ein-

1387 3917 1526 3970 wurf
1552 3917 1739 3970 riehtet
1755 3956 1769 3981 ‚
1807 3916 1926 3969 dass
1957 3916 2039 3969 die
2134 3914 2415 3980 ‘egeneche

1395 3984 1696 4053 Thatigkeit
1730 3984 1943 4038 deshalb
1980 3981 2289 4051 glanzender
2323 3983 2415 4048 sei,
