2813 4537
385 273 509 336 104
974 277 1059 331 DE
1095 275 1357 331 omens
1388 270 1512 330 Lm.
1530 276 1565 330 1.
1620 275 1762 331 GAP.
1788 280 1871 331 ac.
1908 280 1989 331 37.

385 458 445 511 et
471 449 828 512 histrionum
859 465 981 509 non
1011 447 1161 510 nulli
1190 457 1394 527 gestus
1436 448 1678 529 ineptiis
1714 467 1835 510 non
1867 458 2074 510 vacant
2102 456 2162 510 et
2189 449 2252 510 in
2283 457 2537 531 utroque

386 553 606 614 genere
649 553 800 616 quae
842 541 982 595 sunt
1020 544 1179 596 recta
1224 542 1283 595 et
1326 533 1613 614 simplicia
1658 534 1992 595 laudantur.
2050 534 2298 596 Formae
2337 545 2535 597 autem

386 620 640 717 dignitas
668 619 888 682 coloris
915 618 1180 681 bonitate
1211 620 1427 681 tuenda
1449 627 1562 693 est,
1591 618 1756 680 color
1778 619 2296 682 exercitationibus
2321 639 2535 701 corpo·

384 705 490 770 ris.
549 704 892 768 Adhibenda
919 713 1219 785 praeterea
1246 704 1536 767 munditia
1579 711 1669 766 est
1707 721 1827 766 non
1872 704 2071 766 odiosa
2107 723 2306 786 neque
2331 707 2534 787 exqui-

388 791 502 852 sita
532 790 727 867 nimis,
752 797 984 854 tantum
1009 808 1163 870 quae
1188 789 1374 868 fugiat
1400 797 1693 869 agrestem
1723 798 1782 851 et
1808 789 2188 853 inhumanam
2220 790 2609 871 neglegas-5

386 875 547 940 tiam.
605 875 824 938 Eadem
852 875 1003 936 ratio
1032 882 1121 936 est
1147 873 1415 937 habenda
1443 875 1720 949 vestitus,
1758 874 1821 936 in
1854 893 2008 956 quo,
2049 875 2206 938 sicut
2234 876 2297 938 in
2328 875 2537 958 pleris-

287 969 371 1020 131
385 977 502 1041 que
530 960 741 1036 rebus,
770 959 1147 1022 mediocritas
1189 961 1406 1040 optima
1454 968 1560 1022 est.
1620 958 1956 1022 Cavendum
1984 969 2183 1023 autem
2213 970 2303 1023 est
2332 980 2407 1023 ne
2436 968 2539 1024 aut

385 1046 755 1112 tarditatibus
773 1053 1009 1107 utamur
1037 1044 1099 1106 in
1123 1045 1397 1125 ingressu
1417 1044 1809 1119 mollioribus,
1837 1055 1907 1107 ut
1929 1064 2282 1144 pomparum
2303 1046 2542 1108 ferculis

388 1131 609 1194 similes
638 1150 766 1193 esse
792 1130 1125 1205 videamur,
1169 1140 1269 1193 aut
1308 1131 1371 1192 in
1403 1130 1883 1192 festinationibus
1907 1132 2300 1212 suscipiamus
2329 1131 2539 1193 nimias

388 1216 742 1291 celeritateS,
773 1234 924 1297 quae
944 1233 1081 1278 cum
1110 1217 1285 1290 fiunt,
1313 1214 1613 1278 anhelitus
1634 1224 1967 1291 moventur,
1996 1215 2192 1279 vultus
2219 1225 2542 1291 mutantur,
2583 1224 2643 1279 10

390 1319 494 1363 ora
523 1309 910 1383 torquentur:
942 1319 1014 1362 ex
1047 1301 1265 1381 quibus
1292 1319 1505 1379 magna
1533 1301 1884 1379 significatio
1912 1303 1982 1363 fit
2008 1321 2132 1364 non
2163 1303 2368 1365 adesse
2396 1320 2543 1363 con-

390 1386 685 1448 stantiam.
765 1385 882 1448 Sed
921 1387 1110 1448 multo
1154 1386 1328 1448 etiam
1371 1386 1560 1466 magis
1604 1386 2023 1448 elaborandum
2064 1396 2183 1463 est,
2238 1406 2317 1449 nc
2357 1386 2541 1450 animi

393 1482 649 1534 metues
678 1479 889 1533 natura
916 1472 1226 1534 recfflnt:
1268 1473 1430 1552 quod
1470 1490 1883 1552 assequemur,
1927 1473 1977 1533 si
2008 1473 2342 1536 cavebimus
2372 1490 2448 1534 ne
2479 1472 2542 1532 in

394 1556 868 1638 perturbationes
916 1564 1093 1638 atque
1143 1556 1605 1620 exanimationes
1654 1557 2009 1633 incidamus,
2069 1567 2129 1619 ct
2182 1559 2232 1620 si
2290 1566 2545 1620 attentos

293 1648 380 1699 132
394 1642 624 1708 animos
651 1642 723 1703 ad
754 1642 984 1704 decoris
1014 1642 1519 1705 conservationem
1558 1642 1908 1704 tenebimus.
1965 1642 2165 1704 Motus
2193 1651 2386 1705 autem
2417 1643 2545 1704 ani·
2588 1652 2645 1704 15

393 1746 629 1790 morum
657 1728 924 1809 duplices
955 1738 1123 1803 sunt,
1165 1728 1333 1790 alteri
1356 1727 1764 1807 cogitationis,
1804 1728 1971 1790 alteri
2001 1730 2317 1809 appetitus.
2370 1727 2545 1807 Cogi-

394 1813 538 1875 tatio
579 1814 644 1875 in
672 1831 810 1875 vero
841 1814 1201 1894 exquirendo
1230 1831 1504 1876 maxume
1539 1822 1831 1889 versatur,
1872 1813 2174 1894 appetitus
2213 1812 2447 1895 inpellit
2473 1814 2544 1874 ad

394 1899 707 1978 agendum.
768 1899 1107 1961 Curandum
1138 1906 1227 1960 est
1268 1898 1451 1978 igitur
1478 1908 1545 1961 ut
1572 1898 1929 1978 cogitatione
1958 1899 2030 1961 ad
2059 1918 2155 1961 res
2185 1917 2362 1979 quam
2391 1898 2546 1979 opti·

394 2001 521 2045 mas
548 1992 803 2058 utamur,
831 1985 1155 2064 appetitum
1185 1984 1399 2045 rationi
1431 1983 1844 2045 oboedientem
1870 1984 2278 2064 praebeamus.

291 2070 364 2130 a
570 2068 649 2129 Et
678 2068 959 2149 quoniam
995 2087 1207 2148 magna
1249 2069 1337 2130 vis
1378 2069 1666 2131 orationis
1710 2078 1797 2130 est
1841 2088 2027 2150 eaque
2068 2069 2320 2150 duplex,
2364 2069 2546 2130 altera
2587 2078 2650 2130 20

398 2188 890 2305 33ῒῶιὲἕέ
903 2183 1424 2321 Ψίῗέἒῶῖῖᾎὲῗὲ
1523 2185 1876 2321 Ξῖῖῗὲωυθὶἷί
1908 2189 2031 2306 ⁹²⁴².
2044 2187 2307 2321 5335}ss
2324 2184 2550 2305 53:522&

398 2323 515 2375 alia
568 2338 628 2375 co
699 2290 812 2372 or'is
861 2323 1221 2375 inclinatione
1272 2323 1426 2374 dissi·
1523 2339 1682 2374 sacra
1701 2291 1890 2384 ferret.
2022 2322 2177 2375 l.die
2212 2322 2552 2389 Schitderung

399 2392 579 2444 deant.
694 2390 872 2443 eshalb
922 2406 978 2443 sa
1016 2406 1081 2443 en
1120 2390 1204 2443 die
1238 2390 1426 2443 Romer
1527 2391 1618 2445 des
1637 2390 1855 2443 Catilina
1883 2391 1969 2443 bei
2027 2391 2112 2443 all.
2134 2407 2178 2444 c.
2204 2395 2264 2446 15
2293 2391 2435 2444 colos
2459 2408 2551 2442 ex-

394 2459 723 2526 palaestram
742 2460 950 2525 habere,
1015 2459 1182 2525 ebulo,
1200 2457 1424 2511 Routine
1524 2462 1779 2525 sanguis,
1810 2458 1962 2520 foedi
1996 2459 2166 2524 oculi,
2204 2463 2343 2510 citus
2376 2459 2551 2525 modo,

399 2527 583 2581 haben.
659 2531 786 2580 orat.
824 2529 906 2593 68,
942 2529 1041 2580 228
1077 2530 1138 2579 in
1173 2544 1277 2594 quo
1312 2543 1424 2578 non
1523 2528 1684 2578 modo
1719 2528 1912 2579 tardus
1944 2530 2192 2579 incessu-e.
2239 2526 2315 2580 Da
2350 2526 2433 2579 die
2450 2526 2553 2579 Βδ-

398 2600 579 2648 motm
594 2597 684 2647 hic
696 2597 893 2647 habeat
905 2596 1241 2662 palaestram
1256 2611 1427 2662 quan-
1526 2610 1637 2647 mer
1652 2594 1807 2648 Ernst
1822 2595 1927 2648 und
1946 2593 2139 2647 Wiirde
2168 2596 2300 2648 auch
2331 2596 2385 2649 in
2413 2595 2550 2648 allen

402 2666 553 2730 dam,
598 2669 691 2728 ut,
741 2665 1009 2730 quidquid
1039 2668 1122 2715 in·
1146 2666 1232 2716 liis
1267 2666 1427 2716 rebus
1526 2662 1894 2729 Bewegungen
1907 2679 1998 2716 zur
2010 2661 2180 2715 Schau
2194 2666 2395 2731 trugen‚
2412 2662 2551 2715 kann

400 2733 502 2797 fiat
532 2732 749 2784 utiliter
780 2733 857 2783 ad
880 2747 1145 2799 pugnam,
1178 2733 1321 2786 idem
1353 2732 1428 2783 ad
1526 2747 1646 2785 man
1682 2731 1794 2784 sich
1828 2730 1970 2783 nicht
2003 2729 2269 2797 wandel-n,
2321 2731 2439 2784 dass
2476 2731 2552 2783 sie

402 2806 673 2868 aspectum
708 2802 870 2851 orbam
901 2802 975 2850 sit
1006 2806 1302 2852 venustum.
1526 2800 1580 2852 in
1615 2799 1757 2852 einer
1791 2799 2082 2880 derartigen
2114 2799 2553 2853 Aeusserlichkeit

470 2871 518 2921 2.
553 2869 819 2920 Formae.-
871 2883 914 2921 s.
949 2883 994 2921 z.
1031 2867 1064 2935 3
1108 2871 1219 2921 126.
1527 2868 1661 2920 noch
1681 2867 1825 2920 mehr
1842 2867 1919 2919 als
1939 2868 2035 2919 wir
2056 2866 2147 2920 das
2165 2867 2384 2920 Zeichen
2411 2868 2552 2920 eines

399 2971 409 2978 -
471 2938 518 2988 3.
563 2935 712 2988 color
730 2938 1210 2988 exercitationibus
1238 2952 1267 2986 e
1527 2934 1938 3001 unbestandigen
2003 2935 2310 2989 Charakters
2377 2936 2552 2988 sahen.

401 3008 498 3058 ris.
568 3002 636 3054 Τ*
679 3003 841 3056 liches
874 3002 1050 3056 Baden
1101 3004 1206 3057 und
1240 3019 1333 3056 vor
1401 3020 1426 3057 r
1527 3002 1688 3056 Unter
1718 3001 1934 3064 fereula
1967 3004 2038 3055 ist
2061 3004 2172 3055 hier
2206 3004 2296 3056 der
2321 3004 2431 3070 Zug
2463 3003 2556 3055 ,der

400 3071 595 3137 starke,
613 3018 897 3125 “geaweiss
933 3071 1210 3139 erregende
1245 3071 1427 3124 Bewe-
1528 3070 1832 3138 Tragenden
1867 3087 1932 3123 zu
1964 3072 2255 3126 ver-stenen.

402 3154 664 3210 gungeng
628 3141 879 3207 gehorten
896 3140 982 3193 bei
1001 3140 1101 3193 den
1117 3140 1339 3194 Romern
1361 3156 1428 3192 zu
1602 3143 1682 3193 14.
1701 3144 2156 3192 exanimationes.-
2180 3138 2412 3193 Tusc.lV
2427 3141 2476 3204 8,
2489 3141 2554 3191 19

400 3208 1429 3343 fflffitssssffit'ffiwfiffzffi‘ffz
1529 3209 2558 3361 ᾜῖἐῖἴέἵῗῶω.ἕὼῗέἒῖἔ”ὲοῗὲῗὲἲ

405 3348 550 3400 eines
585 3345 922 3398 weichlichen
945 3346 1143 3399 Lebens
1178 3345 1283 3399 und
1304 3345 1430 3397 wei·-
1522 3348 1766 3411 pavoris.
1810 3344 1933 3397 Hier
1966 3345 2106 3397 steht
2140 3360 2199 3398 es
2232 3345 2304 3396 im
2341 3344 2556 3397 weitern

404 3415 623 3471 bischen
658 3412 892 3467 Wesens.
1535 3410 1693 3465 Sinne
1728 3413 1810 3466 fur
1842 3412 2285 3480 ‘Muthlosigkeitt

477 3486 524 3538 6.
562 3486 774 3535 tantum
809 3496 969 3549 quae,
1004 3499 1099 3536 nur
1131 3482 1185 3535 in
1221 3497 1280 3534 so
1305 3482 1433 3534 weit
1606 3484 1687 3535 19.
1723 3485 2025 3549 appetitum
2050 3483 2259 3533 rationi
2280 3479 2559 3531 oboedien

408 3552 528 3607 dass
551 3551 642 3605 sie.
697 3549 850 3605 Tusc.
885 3550 931 3601 V
957 3553 1114 3616 32‚9¹
1161 3554 1237 3602 eis
1268 3566 1433 3617 appo·
1534 3553 1641 3600 tem
1690 3552 2057 3616 praebeamus.
2137 3547 2255 3599 Dies
2308 3545 2560 3600 erfordert

407 3623 524 3677 neit
547 3625 756 3673 tantum
787 3620 932 3685 quod
956 3622 1092 3671 satie
1108 3623 1255 3683 esset,
1279 3618 1431 3670 nullo
1534 3617 1730 3671 ebenso
1763 3618 1846 3671 die
1871 3616 2153 3670 Scbfinheit
2185 3615 2288 3667 wie
2318 3614 2402 3668 die
2424 3613 2562 3667 Mas-

408 3692 696 3756 maratu.
765 3687 881 3755 Vgl.
930 3690 963 3753 ς
1013 3691 1066 3739 11
1120 3692 1332 3739 temtum
1364 3714 1433 3725 —-
1535 3686 1723 3753 sigung
1688 3681 2100 3757 ςβγκράτεια),
2135 3683 2242 3737 und
2277 3683 2454 3737 darum
2488 3683 2560 3735 ist

406 3761 688 3824 quantum.
1536 3754 1629 3807 das
1663 3755 1826 3808 sehon
1853 3754 1888 3821 ὅ
1916 3758 2003 3807 101
2040 3753 2265 3819 Gesagte
2301 3752 2412 3805 hier
2433 3751 2561 3804 wie·

481 3828 531 3879 8.
566 3824 950 3877 tarditatibus.-
1041 3826 1124 3878 41.
1535 3821 1751 3876 derholt.

475 3908 798 3959 pomarum
831 3891 987 3954 fer-cu
1020 3896 1031 3908 ”
1062 3912 1080 3942 .·
1123 3891 1241 3947 Ηοι.
1280 3895 1376 3946 sat.
1412 3890 1434 3944 1
1607 3893 1687 3943 20.
1724 3891 2118 3957 Eingeschoben
2152 3889 2223 3942 ist
2257 3904 2301 3941 c.
2328 3890 2392 3940 37
2418 3903 2466 3938 ιι.
2491 3888 2559 3939 38

412 3965 462 4027 3,
493 3964 524 4013 9
558 3960 643 4011 nil
676 3961 899 4026 aequale
931 3962 1141 4013 homini
1172 3959 1284 4022 fuit
1316 3960 1435 4011 illi.-
1537 3959 1653 4011 eine
1688 3958 2035 4025 Abhandlung
2076 3959 2206 4011 iiber
2250 3956 2333 4009 die
2375 3952 2564 4008 Bered-
