<?xml version="1.0" encoding="UTF-8"?>
<!DOCTYPE html PUBLIC "-//W3C//DTD XHTML 1.0 Transitional//EN"
    "http://www.w3.org/TR/xhtml1/DTD/xhtml1-transitional.dtd">
<html xmlns="http://www.w3.org/1999/xhtml" xml:lang="en" lang="en">
 <head>
  <title>
</title>
<meta http-equiv="Content-Type" content="text/html;charset=utf-8" />
  <meta name='ocr-system' content='tesseract 3.04.00' />
  <meta name='ocr-capabilities' content='ocr_page ocr_carea ocr_par ocr_line ocrx_word'/>
</head>
<body>
  <div class='ocr_page' id='page_1' title='image "./mtulliiciceroni01heingoog_0129.png"; bbox 0 0 2813 4537; ppageno 0'>
   <div class='ocr_carea' id='block_1_1' title="bbox 920 277 1810 333">
    <p class='ocr_par' dir='ltr' id='par_1_1' title="bbox 920 277 1810 333">
     <span class='ocr_line' id='line_1_1' title="bbox 920 277 1810 333; baseline 0.002 -2"><span class='ocrx_word' id='word_1_1' title='bbox 920 279 1003 332; x_wconf 84' lang='lat' dir='ltr'><strong>DE</strong></span> <span class='ocrx_word' id='word_1_2' title='bbox 1026 277 1301 332; x_wconf 26' lang='lat' dir='ltr'><strong>&lt;ornans</strong></span> <span class='ocrx_word' id='word_1_3' title='bbox 1332 278 1455 331; x_wconf 80' lang='lat' dir='ltr'><strong>Lm.</strong></span> <span class='ocrx_word' id='word_1_4' title='bbox 1474 279 1529 332; x_wconf 90' lang='lat'><strong>11.</strong></span> <span class='ocrx_word' id='word_1_5' title='bbox 1601 278 1741 332; x_wconf 85' lang='lat' dir='ltr'><strong>CAP.</strong></span> <span class='ocrx_word' id='word_1_6' title='bbox 1769 283 1810 333; x_wconf 89' lang='lat'><strong>1.</strong></span> 
     </span>
    </p>
   </div>
   <div class='ocr_carea' id='block_1_2' title="bbox 2315 275 2437 337">
    <p class='ocr_par' dir='ltr' id='par_1_2' title="bbox 2315 275 2437 337">
     <span class='ocr_line' id='line_1_2' title="bbox 2315 275 2437 337; baseline 0 0"><span class='ocrx_word' id='word_1_7' title='bbox 2315 275 2437 337; x_wconf 82' lang='lat'><strong>123</strong></span> 
     </span>
    </p>
   </div>
   <div class='ocr_carea' id='block_1_3' title="bbox 208 449 2442 1216">
    <p class='ocr_par' dir='ltr' id='par_1_3' title="bbox 208 449 2442 1216">
     <span class='ocr_line' id='line_1_3' title="bbox 284 449 2438 534; baseline 0 -20"><span class='ocrx_word' id='word_1_8' title='bbox 284 469 503 533; x_wconf 78' lang='lat' dir='ltr'>operae</span> <span class='ocrx_word' id='word_1_9' title='bbox 535 460 613 534; x_wconf 59' lang='lat' dir='ltr'>Q</span> <span class='ocrx_word' id='word_1_10' title='bbox 651 449 935 532; x_wconf 85' lang='lat' dir='ltr'><strong>temporis</strong></span> <span class='ocrx_word' id='word_1_11' title='bbox 977 468 1223 531; x_wconf 91' lang='lat' dir='ltr'><strong>ponere.</strong></span> <span class='ocrx_word' id='word_1_12' title='bbox 1295 452 1427 531; x_wconf 84' lang='lat' dir='ltr'><strong>Ego</strong></span> <span class='ocrx_word' id='word_1_13' title='bbox 1470 459 1687 527; x_wconf 88' lang='lat' dir='ltr'><strong>autem,</strong></span> <span class='ocrx_word' id='word_1_14' title='bbox 1733 471 1910 533; x_wconf 84' lang='lat' dir='ltr'><strong>quam</strong></span> <span class='ocrx_word' id='word_1_15' title='bbox 1944 452 2046 515; x_wconf 87' lang='lat' dir='ltr'><strong>diu</strong></span> <span class='ocrx_word' id='word_1_16' title='bbox 2076 471 2173 514; x_wconf 89' lang='lat' dir='ltr'><strong>res</strong></span> <span class='ocrx_word' id='word_1_17' title='bbox 2202 452 2438 533; x_wconf 87' lang='lat' dir='ltr'><strong>publica</strong></span> 
     </span>
     <span class='ocr_line' id='line_1_4' title="bbox 283 535 2439 619; baseline 0 -22"><span class='ocrx_word' id='word_1_18' title='bbox 283 557 392 619; x_wconf 83' lang='lat' dir='ltr'><strong>per</strong></span> <span class='ocrx_word' id='word_1_19' title='bbox 422 554 527 598; x_wconf 85' lang='lat' dir='ltr'><strong>eos</strong></span> <span class='ocrx_word' id='word_1_20' title='bbox 555 537 888 616; x_wconf 73' lang='lat' dir='ltr'>gerebatur,</span> <span class='ocrx_word' id='word_1_21' title='bbox 920 535 1136 617; x_wconf 82' lang='lat' dir='ltr'><strong>quibus</strong></span> <span class='ocrx_word' id='word_1_22' title='bbox 1165 555 1229 606; x_wconf 85' lang='lat' dir='ltr'><strong>se</strong></span> <span class='ocrx_word' id='word_1_23' title='bbox 1256 537 1384 619; x_wconf 88' lang='lat' dir='ltr'><strong>ipsa</strong></span> <span class='ocrx_word' id='word_1_24' title='bbox 1415 537 1808 614; x_wconf 81' lang='lat' dir='ltr'><strong>commiserat,</strong></span> <span class='ocrx_word' id='word_1_25' title='bbox 1840 556 2049 600; x_wconf 89' lang='lat' dir='ltr'><strong>omnes</strong></span> <span class='ocrx_word' id='word_1_26' title='bbox 2076 556 2238 599; x_wconf 82' lang='lat' dir='ltr'><strong>meas</strong></span> <span class='ocrx_word' id='word_1_27' title='bbox 2267 556 2439 601; x_wconf 86' lang='lat' dir='ltr'><strong>curas</strong></span> 
     </span>
     <span class='ocr_line' id='line_1_5' title="bbox 286 621 2441 703; baseline -0 -18"><span class='ocrx_word' id='word_1_28' title='bbox 286 623 792 703; x_wconf 77' lang='lat' dir='ltr'><strong>cogitationesque</strong></span> <span class='ocrx_word' id='word_1_29' title='bbox 820 623 884 684; x_wconf 89' lang='lat' dir='ltr'><strong>in</strong></span> <span class='ocrx_word' id='word_1_30' title='bbox 914 640 1044 684; x_wconf 77' lang='lat' dir='ltr'><strong>eam</strong></span> <span class='ocrx_word' id='word_1_31' title='bbox 1075 621 1474 685; x_wconf 68' lang='lat' dir='ltr'><strong>conferebam.</strong></span> <span class='ocrx_word' id='word_1_32' title='bbox 1523 623 1672 685; x_wconf 86' lang='lat' dir='ltr'><strong>Cum</strong></span> <span class='ocrx_word' id='word_1_33' title='bbox 1697 630 1899 685; x_wconf 88' lang='lat' dir='ltr'><strong>autem</strong></span> <span class='ocrx_word' id='word_1_34' title='bbox 1929 623 2236 686; x_wconf 83' lang='lat' dir='ltr'><strong>dominatu</strong></span> <span class='ocrx_word' id='word_1_35' title='bbox 2259 624 2441 685; x_wconf 86' lang='lat' dir='ltr'><strong>unius</strong></span> 
     </span>
     <span class='ocr_line' id='line_1_6' title="bbox 286 707 2440 789; baseline -0 -19"><span class='ocrx_word' id='word_1_36' title='bbox 286 708 489 770; x_wconf 83' lang='lat' dir='ltr'><strong>omnia</strong></span> <span class='ocrx_word' id='word_1_37' title='bbox 518 716 863 774; x_wconf 72' lang='lat' dir='ltr'><strong>tenerentur</strong></span> <span class='ocrx_word' id='word_1_38' title='bbox 892 726 1088 789; x_wconf 75' lang='lat' dir='ltr'><strong>neque</strong></span> <span class='ocrx_word' id='word_1_39' title='bbox 1119 716 1273 770; x_wconf 85' lang='lat' dir='ltr'><strong>esset</strong></span> <span class='ocrx_word' id='word_1_40' title='bbox 1299 725 1552 789; x_wconf 82' lang='lat' dir='ltr'><strong>usquam</strong></span> <span class='ocrx_word' id='word_1_41' title='bbox 1583 708 1834 770; x_wconf 82' lang='lat' dir='ltr'><strong>oonsilio</strong></span> <span class='ocrx_word' id='word_1_42' title='bbox 1862 717 1964 771; x_wconf 84' lang='lat' dir='ltr'><strong>aut</strong></span> <span class='ocrx_word' id='word_1_43' title='bbox 1986 709 2320 771; x_wconf 78' lang='lat' dir='ltr'><strong>auctoritati</strong></span> <span class='ocrx_word' id='word_1_44' title='bbox 2347 707 2440 770; x_wconf 88' lang='lat' dir='ltr'><strong>lo-</strong></span> 
     </span>
     <span class='ocr_line' id='line_1_7' title="bbox 208 792 2440 875; baseline 0.001 -22"><span class='ocrx_word' id='word_1_45' title='bbox 208 803 241 853; x_wconf 74' lang='lat'><strong>5</strong></span> <span class='ocrx_word' id='word_1_46' title='bbox 280 812 410 868; x_wconf 84' lang='lat' dir='ltr'><strong>cus,</strong></span> <span class='ocrx_word' id='word_1_47' title='bbox 453 792 648 856; x_wconf 84' lang='lat' dir='ltr'><strong>socios</strong></span> <span class='ocrx_word' id='word_1_48' title='bbox 677 793 933 874; x_wconf 86' lang='lat' dir='ltr'><strong>denique</strong></span> <span class='ocrx_word' id='word_1_49' title='bbox 962 794 1217 856; x_wconf 76' lang='lat' dir='ltr'><strong>tuendae</strong></span> <span class='ocrx_word' id='word_1_50' title='bbox 1244 793 1334 855; x_wconf 90' lang='lat' dir='ltr'><strong>rei</strong></span> <span class='ocrx_word' id='word_1_51' title='bbox 1363 793 1658 875; x_wconf 87' lang='lat' dir='ltr'><strong>publicae,</strong></span> <span class='ocrx_word' id='word_1_52' title='bbox 1703 811 1967 857; x_wconf 87' lang='lat' dir='ltr'><strong>summos</strong></span> <span class='ocrx_word' id='word_1_53' title='bbox 1995 795 2175 869; x_wconf 86' lang='lat' dir='ltr'><strong>viros,</strong></span> <span class='ocrx_word' id='word_1_54' title='bbox 2207 794 2440 856; x_wconf 86' lang='lat' dir='ltr'><strong>amisis-</strong></span> 
     </span>
     <span class='ocr_line' id='line_1_8' title="bbox 282 878 2442 960; baseline -0.001 -18"><span class='ocrx_word' id='word_1_55' title='bbox 282 898 427 954; x_wconf 84' lang='lat' dir='ltr'><strong>sem,</strong></span> <span class='ocrx_word' id='word_1_56' title='bbox 473 897 587 941; x_wconf 82' lang='lat' dir='ltr'><strong>nec</strong></span> <span class='ocrx_word' id='word_1_57' title='bbox 612 895 709 940; x_wconf 89' lang='lat' dir='ltr'><strong>me</strong></span> <span class='ocrx_word' id='word_1_58' title='bbox 739 878 1064 959; x_wconf 73' lang='lat' dir='ltr'><strong>angoribus</strong></span> <span class='ocrx_word' id='word_1_59' title='bbox 1093 878 1308 952; x_wconf 72' lang='lat' dir='ltr'><strong>deditii,</strong></span> <span class='ocrx_word' id='word_1_60' title='bbox 1352 878 1572 960; x_wconf 75' lang='lat' dir='ltr'><strong>quibus</strong></span> <span class='ocrx_word' id='word_1_61' title='bbox 1599 898 1792 941; x_wconf 88' lang='lat' dir='ltr'><strong>essem</strong></span> <span class='ocrx_word' id='word_1_62' title='bbox 1832 881 2160 955; x_wconf 77' lang='lat' dir='ltr'><strong>consectae,</strong></span> <span class='ocrx_word' id='word_1_63' title='bbox 2207 879 2323 941; x_wconf 89' lang='lat' dir='ltr'><strong>nisi</strong></span> <span class='ocrx_word' id='word_1_64' title='bbox 2366 879 2442 941; x_wconf 91' lang='lat' dir='ltr'><strong>iis</strong></span> 
     </span>
     <span class='ocr_line' id='line_1_9' title="bbox 280 964 2438 1047; baseline -0.001 -20"><span class='ocrx_word' id='word_1_65' title='bbox 280 965 661 1039; x_wconf 75' lang='lat' dir='ltr'><strong>restitissem,</strong></span> <span class='ocrx_word' id='word_1_66' title='bbox 696 982 833 1027; x_wconf 79' lang='lat' dir='ltr'><strong>-uec</strong></span> <span class='ocrx_word' id='word_1_67' title='bbox 887 982 1127 1025; x_wconf 87' lang='lat' dir='ltr'><strong>rursum</strong></span> <span class='ocrx_word' id='word_1_68' title='bbox 1184 964 1448 1043; x_wconf 83' lang='lat' dir='ltr'><strong>indignis</strong></span> <span class='ocrx_word' id='word_1_69' title='bbox 1499 965 1741 1027; x_wconf 89' lang='lat' dir='ltr'><strong>homine</strong></span> <span class='ocrx_word' id='word_1_70' title='bbox 1799 965 1973 1027; x_wconf 88' lang='lat' dir='ltr'><strong>docto</strong></span> <span class='ocrx_word' id='word_1_71' title='bbox 2016 964 2438 1047; x_wconf 77' lang='lat' dir='ltr'><strong>voluptatibus.</strong></span> 
     </span>
     <span class='ocr_line' id='line_1_10' title="bbox 283 1048 2440 1131; baseline 0 -20"><span class='ocrx_word' id='word_1_72' title='bbox 283 1053 474 1131; x_wconf 79' lang='lat' dir='ltr'><strong>Atque</strong></span> <span class='ocrx_word' id='word_1_73' title='bbox 502 1049 731 1111; x_wconf 84' lang='lat' dir='ltr'><strong>utinam</strong></span> <span class='ocrx_word' id='word_1_74' title='bbox 761 1068 858 1112; x_wconf 88' lang='lat' dir='ltr'><strong>res</strong></span> <span class='ocrx_word' id='word_1_75' title='bbox 887 1048 1126 1130; x_wconf 87' lang='lat' dir='ltr'><strong>publica</strong></span> <span class='ocrx_word' id='word_1_76' title='bbox 1156 1049 1419 1114; x_wconf 81' lang='lat' dir='ltr'><strong>stetisset</strong></span> <span class='ocrx_word' id='word_1_77' title='bbox 1449 1069 1569 1130; x_wconf 81' lang='lat' dir='ltr'><strong>quo</strong></span> <span class='ocrx_word' id='word_1_78' title='bbox 1600 1060 1879 1131; x_wconf 83' lang='lat' dir='ltr'><strong>coeperat</strong></span> <span class='ocrx_word' id='word_1_79' title='bbox 1907 1058 2065 1113; x_wconf 83' lang='lat' dir='ltr'><strong>statu</strong></span> <span class='ocrx_word' id='word_1_80' title='bbox 2096 1069 2207 1113; x_wconf 85' lang='lat' dir='ltr'><strong>nec</strong></span> <span class='ocrx_word' id='word_1_81' title='bbox 2237 1051 2301 1112; x_wconf 87' lang='lat' dir='ltr'><strong>in</strong></span> <span class='ocrx_word' id='word_1_82' title='bbox 2327 1050 2440 1112; x_wconf 85' lang='lat' dir='ltr'><strong>ho·</strong></span> 
     </span>
     <span class='ocr_line' id='line_1_11' title="bbox 281 1135 2441 1216; baseline 0 -20"><span class='ocrx_word' id='word_1_83' title='bbox 281 1136 475 1197; x_wconf 87' lang='lat' dir='ltr'><strong>mines</strong></span> <span class='ocrx_word' id='word_1_84' title='bbox 520 1154 644 1197; x_wconf 88' lang='lat' dir='ltr'><strong>non</strong></span> <span class='ocrx_word' id='word_1_85' title='bbox 687 1144 806 1195; x_wconf 87' lang='lat' dir='ltr'><strong>tam</strong></span> <span class='ocrx_word' id='word_1_86' title='bbox 846 1135 1393 1197; x_wconf 74' lang='lat' dir='ltr'><strong>commutandarum</strong></span> <span class='ocrx_word' id='word_1_87' title='bbox 1425 1153 1603 1216; x_wconf 79' lang='lat' dir='ltr'><strong>quam</strong></span> <span class='ocrx_word' id='word_1_88' title='bbox 1631 1137 2075 1198; x_wconf 79' lang='lat' dir='ltr'><strong>evertendarum</strong></span> <span class='ocrx_word' id='word_1_89' title='bbox 2103 1154 2306 1199; x_wconf 88' lang='lat' dir='ltr'><strong>rerum</strong></span> <span class='ocrx_word' id='word_1_90' title='bbox 2335 1153 2441 1196; x_wconf 90' lang='lat' dir='ltr'><strong>cu-</strong></span> 
     </span>
    </p>
   </div>
   <div class='ocr_carea' id='block_1_4' title="bbox 176 1219 2439 1302">
    <p class='ocr_par' dir='ltr' id='par_1_4' title="bbox 176 1219 2439 1302">
     <span class='ocr_line' id='line_1_12' title="bbox 176 1219 2439 1302; baseline 0 -21"><span class='ocrx_word' id='word_1_91' title='bbox 176 1229 238 1281; x_wconf 76' lang='lat' dir='ltr'><strong>lo</strong></span> <span class='ocrx_word' id='word_1_92' title='bbox 284 1221 456 1301; x_wconf 82' lang='lat' dir='ltr'><strong>pidos</strong></span> <span class='ocrx_word' id='word_1_93' title='bbox 483 1220 823 1283; x_wconf 73' lang='lat' dir='ltr'><strong>incidisset!</strong></span> <span class='ocrx_word' id='word_1_94' title='bbox 867 1219 1132 1281; x_wconf 85' lang='lat' dir='ltr'><strong>Primum</strong></span> <span class='ocrx_word' id='word_1_95' title='bbox 1163 1220 1344 1294; x_wconf 84' lang='lat' dir='ltr'><strong>enim,</strong></span> <span class='ocrx_word' id='word_1_96' title='bbox 1382 1228 1452 1282; x_wconf 91' lang='lat' dir='ltr'><strong>ut</strong></span> <span class='ocrx_word' id='word_1_97' title='bbox 1478 1229 1670 1282; x_wconf 86' lang='lat' dir='ltr'><strong>stante</strong></span> <span class='ocrx_word' id='word_1_98' title='bbox 1697 1240 1763 1283; x_wconf 89' lang='lat' dir='ltr'><strong>re</strong></span> <span class='ocrx_word' id='word_1_99' title='bbox 1792 1220 2032 1302; x_wconf 87' lang='lat' dir='ltr'><strong>publica</strong></span> <span class='ocrx_word' id='word_1_100' title='bbox 2062 1222 2254 1283; x_wconf 83' lang='lat' dir='ltr'><strong>facere</strong></span> <span class='ocrx_word' id='word_1_101' title='bbox 2279 1219 2439 1282; x_wconf 84' lang='lat' dir='ltr'><strong>sole-</strong></span> 
     </span>
    </p>
   </div>
   <div class='ocr_carea' id='block_1_5' title="bbox 283 1304 2440 1643">
    <p class='ocr_par' dir='ltr' id='par_1_5' title="bbox 283 1304 2440 1643">
     <span class='ocr_line' id='line_1_13' title="bbox 284 1304 2439 1388; baseline -0 -20"><span class='ocrx_word' id='word_1_102' title='bbox 284 1306 512 1381; x_wconf 85' lang='lat' dir='ltr'><strong>bamus,</strong></span> <span class='ocrx_word' id='word_1_103' title='bbox 554 1306 619 1368; x_wconf 87' lang='lat' dir='ltr'><strong>in</strong></span> <span class='ocrx_word' id='word_1_104' title='bbox 660 1305 892 1385; x_wconf 80' lang='lat' dir='ltr'><strong>agendo</strong></span> <span class='ocrx_word' id='word_1_105' title='bbox 937 1304 1075 1387; x_wconf 87' lang='lat' dir='ltr'><strong>plus</strong></span> <span class='ocrx_word' id='word_1_106' title='bbox 1117 1324 1293 1386; x_wconf 87' lang='lat' dir='ltr'><strong>quam</strong></span> <span class='ocrx_word' id='word_1_107' title='bbox 1338 1306 1402 1367; x_wconf 91' lang='lat' dir='ltr'><strong>in</strong></span> <span class='ocrx_word' id='word_1_108' title='bbox 1448 1305 1763 1368; x_wconf 85' lang='lat' dir='ltr'><strong>scribendo</strong></span> <span class='ocrx_word' id='word_1_109' title='bbox 1808 1325 2024 1387; x_wconf 78' lang='lat' dir='ltr'><strong>operae</strong></span> <span class='ocrx_word' id='word_1_110' title='bbox 2059 1324 2439 1388; x_wconf 72' lang='lat' dir='ltr'><strong>poneremus,</strong></span> 
     </span>
     <span class='ocr_line' id='line_1_14' title="bbox 283 1390 2439 1472; baseline -0.001 -19"><span class='ocrx_word' id='word_1_111' title='bbox 283 1392 496 1453; x_wconf 83' lang='lat' dir='ltr'><strong>deinde</strong></span> <span class='ocrx_word' id='word_1_112' title='bbox 539 1391 686 1472; x_wconf 79' lang='lat' dir='ltr'><strong>ipsis</strong></span> <span class='ocrx_word' id='word_1_113' title='bbox 728 1390 966 1472; x_wconf 85' lang='lat' dir='ltr'><strong>scriptis</strong></span> <span class='ocrx_word' id='word_1_114' title='bbox 1006 1409 1133 1453; x_wconf 75' lang='lat' dir='ltr'><strong>non</strong></span> <span class='ocrx_word' id='word_1_115' title='bbox 1179 1410 1278 1467; x_wconf 87' lang='lat' dir='ltr'><strong>ea,</strong></span> <span class='ocrx_word' id='word_1_116' title='bbox 1327 1410 1479 1472; x_wconf 75' lang='lat' dir='ltr'><strong>quae</strong></span> <span class='ocrx_word' id='word_1_117' title='bbox 1524 1410 1707 1467; x_wconf 86' lang='lat' dir='ltr'><strong>nnnc,</strong></span> <span class='ocrx_word' id='word_1_118' title='bbox 1752 1392 1853 1453; x_wconf 82' lang='lat' dir='ltr'><strong>sed</strong></span> <span class='ocrx_word' id='word_1_119' title='bbox 1899 1393 2162 1454; x_wconf 83' lang='lat' dir='ltr'><strong>actiones</strong></span> <span class='ocrx_word' id='word_1_120' title='bbox 2206 1403 2439 1453; x_wconf 86' lang='lat' dir='ltr'><strong>nostras</strong></span> 
     </span>
     <span class='ocr_line' id='line_1_15' title="bbox 284 1476 2439 1559; baseline -0 -21"><span class='ocrx_word' id='word_1_121' title='bbox 284 1478 717 1551; x_wconf 68' lang='lat' dir='ltr'><strong>mandaremus,</strong></span> <span class='ocrx_word' id='word_1_122' title='bbox 757 1484 825 1538; x_wconf 85' lang='lat' dir='ltr'><strong>ut</strong></span> <span class='ocrx_word' id='word_1_123' title='bbox 850 1494 1030 1557; x_wconf 87' lang='lat' dir='ltr'><strong>saepe</strong></span> <span class='ocrx_word' id='word_1_124' title='bbox 1060 1476 1328 1538; x_wconf 83' lang='lat' dir='ltr'><strong>fecimus.</strong></span> <span class='ocrx_word' id='word_1_125' title='bbox 1403 1476 1554 1539; x_wconf 90' lang='lat' dir='ltr'><strong>Cum</strong></span> <span class='ocrx_word' id='word_1_126' title='bbox 1582 1485 1777 1539; x_wconf 82' lang='lat' dir='ltr'><strong>autem</strong></span> <span class='ocrx_word' id='word_1_127' title='bbox 1809 1495 1906 1539; x_wconf 89' lang='lat' dir='ltr'><strong>res</strong></span> <span class='ocrx_word' id='word_1_128' title='bbox 1933 1477 2193 1559; x_wconf 88' lang='lat' dir='ltr'><strong>publica,</strong></span> <span class='ocrx_word' id='word_1_129' title='bbox 2229 1478 2294 1538; x_wconf 89' lang='lat' dir='ltr'><strong>in</strong></span> <span class='ocrx_word' id='word_1_130' title='bbox 2321 1495 2439 1558; x_wconf 86' lang='lat' dir='ltr'><strong>qua</strong></span> 
     </span>
     <span class='ocr_line' id='line_1_16' title="bbox 284 1561 2440 1643; baseline 0 -21"><span class='ocrx_word' id='word_1_131' title='bbox 284 1562 480 1624; x_wconf 89' lang='lat' dir='ltr'><strong>omnis</strong></span> <span class='ocrx_word' id='word_1_132' title='bbox 506 1580 639 1624; x_wconf 86' lang='lat' dir='ltr'><strong>mea</strong></span> <span class='ocrx_word' id='word_1_133' title='bbox 669 1580 830 1634; x_wconf 83' lang='lat' dir='ltr'><strong>cura,</strong></span> <span class='ocrx_word' id='word_1_134' title='bbox 874 1561 1174 1641; x_wconf 81' lang='lat' dir='ltr'><strong>cogitatio,</strong></span> <span class='ocrx_word' id='word_1_135' title='bbox 1216 1580 1399 1643; x_wconf 85' lang='lat' dir='ltr'><strong>opera</strong></span> <span class='ocrx_word' id='word_1_136' title='bbox 1431 1563 1576 1643; x_wconf 91' lang='lat' dir='ltr'><strong>poni</strong></span> <span class='ocrx_word' id='word_1_137' title='bbox 1614 1562 1859 1638; x_wconf 86' lang='lat' dir='ltr'><strong>solebat,</strong></span> <span class='ocrx_word' id='word_1_138' title='bbox 1905 1562 2067 1624; x_wconf 86' lang='lat' dir='ltr'><strong>nulla</strong></span> <span class='ocrx_word' id='word_1_139' title='bbox 2109 1571 2267 1625; x_wconf 85' lang='lat' dir='ltr'><strong>esset</strong></span> <span class='ocrx_word' id='word_1_140' title='bbox 2312 1580 2440 1623; x_wconf 81' lang='lat' dir='ltr'><strong>om·</strong></span> 
     </span>
    </p>
   </div>
   <div class='ocr_carea' id='block_1_6' title="bbox 177 1646 2440 1722">
    <p class='ocr_par' dir='ltr' id='par_1_6' title="bbox 177 1646 2440 1722">
     <span class='ocr_line' id='line_1_17' title="bbox 177 1646 2440 1722; baseline -0.001 -13"><span class='ocrx_word' id='word_1_141' title='bbox 177 1656 238 1709; x_wconf 83' lang='lat'><strong>15</strong></span> <span class='ocrx_word' id='word_1_142' title='bbox 283 1648 450 1722; x_wconf 85' lang='lat' dir='ltr'><strong>nino,</strong></span> <span class='ocrx_word' id='word_1_143' title='bbox 494 1646 628 1709; x_wconf 77' lang='lat' dir='ltr'><strong>illae</strong></span> <span class='ocrx_word' id='word_1_144' title='bbox 670 1647 897 1709; x_wconf 80' lang='lat' dir='ltr'><strong>scilicet</strong></span> <span class='ocrx_word' id='word_1_145' title='bbox 940 1646 1169 1709; x_wconf 84' lang='lat' dir='ltr'><strong>litterae</strong></span> <span class='ocrx_word' id='word_1_146' title='bbox 1209 1647 1631 1710; x_wconf 79' lang='lat' dir='ltr'><strong>conticuerunt</strong></span> <span class='ocrx_word' id='word_1_147' title='bbox 1681 1647 1949 1709; x_wconf 82' lang='lat' dir='ltr'><strong>forenses</strong></span> <span class='ocrx_word' id='word_1_148' title='bbox 1989 1657 2051 1710; x_wconf 87' lang='lat' dir='ltr'><strong>et</strong></span> <span class='ocrx_word' id='word_1_149' title='bbox 2092 1648 2440 1709; x_wconf 86' lang='lat' dir='ltr'><strong>senatoriae.</strong></span> 
     </span>
    </p>
   </div>
   <div class='ocr_carea' id='block_1_7' title="bbox 282 1731 2441 2070">
    <p class='ocr_par' dir='ltr' id='par_1_7' title="bbox 282 1731 2441 2070">
     <span class='ocr_line' id='line_1_18' title="bbox 282 1731 2440 1813; baseline -0 -19"><span class='ocrx_word' id='word_1_150' title='bbox 282 1732 442 1794; x_wconf 87' lang='lat' dir='ltr'><strong>Nihil</strong></span> <span class='ocrx_word' id='word_1_151' title='bbox 484 1750 660 1812; x_wconf 79' lang='lat' dir='ltr'><strong>agere</strong></span> <span class='ocrx_word' id='word_1_152' title='bbox 703 1740 901 1793; x_wconf 80' lang='lat' dir='ltr'><strong>autem</strong></span> <span class='ocrx_word' id='word_1_153' title='bbox 945 1749 1081 1793; x_wconf 89' lang='lat' dir='ltr'><strong>cum</strong></span> <span class='ocrx_word' id='word_1_154' title='bbox 1127 1732 1361 1793; x_wconf 83' lang='lat' dir='ltr'><strong>animus</strong></span> <span class='ocrx_word' id='word_1_155' title='bbox 1406 1751 1530 1796; x_wconf 87' lang='lat' dir='ltr'><strong>non</strong></span> <span class='ocrx_word' id='word_1_156' title='bbox 1576 1744 1811 1813; x_wconf 82' lang='lat' dir='ltr'><strong>posset,</strong></span> <span class='ocrx_word' id='word_1_157' title='bbox 1861 1731 1926 1793; x_wconf 51' lang='lat' dir='ltr'><strong>¹in</strong></span> <span class='ocrx_word' id='word_1_158' title='bbox 1971 1733 2065 1794; x_wconf 87' lang='lat' dir='ltr'><strong>his</strong></span> <span class='ocrx_word' id='word_1_159' title='bbox 2108 1733 2323 1795; x_wconf 86' lang='lat' dir='ltr'><strong>studiis</strong></span> <span class='ocrx_word' id='word_1_160' title='bbox 2366 1731 2440 1794; x_wconf 85' lang='lat' dir='ltr'><strong>ab</strong></span> 
     </span>
     <span class='ocr_line' id='line_1_19' title="bbox 283 1816 2440 1898; baseline -0 -19"><span class='ocrx_word' id='word_1_161' title='bbox 283 1817 452 1879; x_wconf 84' lang='lat' dir='ltr'><strong>initio</strong></span> <span class='ocrx_word' id='word_1_162' title='bbox 508 1825 775 1879; x_wconf 81' lang='lat' dir='ltr'><strong>versatus</strong></span> <span class='ocrx_word' id='word_1_163' title='bbox 827 1817 1032 1878; x_wconf 88' lang='lat' dir='ltr'><strong>aetatis</strong></span> <span class='ocrx_word' id='word_1_164' title='bbox 1085 1817 1408 1879; x_wconf 85' lang='lat' dir='ltr'><strong>existimavi</strong></span> <span class='ocrx_word' id='word_1_165' title='bbox 1464 1817 1880 1879; x_wconf 83' lang='lat' dir='ltr'><strong>honestissime</strong></span> <span class='ocrx_word' id='word_1_166' title='bbox 1922 1816 2222 1880; x_wconf 84' lang='lat' dir='ltr'><strong>molestias</strong></span> <span class='ocrx_word' id='word_1_167' title='bbox 2265 1836 2440 1898; x_wconf 88' lang='lat' dir='ltr'><strong>posse</strong></span> 
     </span>
     <span class='ocr_line' id='line_1_20' title="bbox 283 1900 2441 1984; baseline 0 -20"><span class='ocrx_word' id='word_1_168' title='bbox 283 1902 524 1984; x_wconf 87' lang='lat' dir='ltr'><strong>deponi,</strong></span> <span class='ocrx_word' id='word_1_169' title='bbox 568 1902 617 1964; x_wconf 89' lang='lat' dir='ltr'><strong>si</strong></span> <span class='ocrx_word' id='word_1_170' title='bbox 662 1921 758 1963; x_wconf 90' lang='lat' dir='ltr'><strong>me</strong></span> <span class='ocrx_word' id='word_1_171' title='bbox 800 1901 873 1963; x_wconf 89' lang='lat' dir='ltr'><strong>ad</strong></span> <span class='ocrx_word' id='word_1_172' title='bbox 918 1900 1352 1984; x_wconf 85' lang='lat' dir='ltr'><strong>philosophiam</strong></span> <span class='ocrx_word' id='word_1_173' title='bbox 1393 1903 1773 1965; x_wconf 89' lang='lat' dir='ltr'><strong>rettulissem.</strong></span> <span class='ocrx_word' id='word_1_174' title='bbox 1850 1902 1959 1964; x_wconf 91' lang='lat' dir='ltr'><strong>Cui</strong></span> <span class='ocrx_word' id='word_1_175' title='bbox 2005 1921 2144 1964; x_wconf 90' lang='lat' dir='ltr'><strong>cum</strong></span> <span class='ocrx_word' id='word_1_176' title='bbox 2186 1902 2441 1964; x_wconf 89' lang='lat' dir='ltr'><strong>multum</strong></span> 
     </span>
     <span class='ocr_line' id='line_1_21' title="bbox 284 1987 2440 2070; baseline -0.001 -20"><span class='ocrx_word' id='word_1_177' title='bbox 284 1987 632 2050; x_wconf 84' lang='lat' dir='ltr'><strong>adulescens</strong></span> <span class='ocrx_word' id='word_1_178' title='bbox 661 1987 925 2050; x_wconf 83' lang='lat' dir='ltr'><strong>discendi</strong></span> <span class='ocrx_word' id='word_1_179' title='bbox 957 2005 1129 2049; x_wconf 87' lang='lat' dir='ltr'><strong>causa</strong></span> <span class='ocrx_word' id='word_1_180' title='bbox 1161 1989 1447 2070; x_wconf 84' lang='lat' dir='ltr'><strong>temporis</strong></span> <span class='ocrx_word' id='word_1_181' title='bbox 1484 1988 1858 2063; x_wconf 86' lang='lat' dir='ltr'><strong>tribuissem,</strong></span> <span class='ocrx_word' id='word_1_182' title='bbox 1903 1995 2287 2070; x_wconf 83' lang='lat' dir='ltr'><strong>posteaquam</strong></span> <span class='ocrx_word' id='word_1_183' title='bbox 2330 1988 2440 2049; x_wconf 88' lang='lat' dir='ltr'><strong>ho-</strong></span> 
     </span>
    </p>
   </div>
   <div class='ocr_carea' id='block_1_8' title="bbox 96 2072 2438 2155">
    <p class='ocr_par' dir='ltr' id='par_1_8' title="bbox 96 2072 2438 2155">
     <span class='ocr_line' id='line_1_22' title="bbox 96 2072 2438 2155; baseline 0.001 -22"><span class='ocrx_word' id='word_1_184' title='bbox 96 2103 115 2107; x_wconf 80' lang='lat'><em>·</em></span> <span class='ocrx_word' id='word_1_185' title='bbox 183 2082 244 2133; x_wconf 79' lang='lat'><strong>20</strong></span> <span class='ocrx_word' id='word_1_186' title='bbox 288 2072 536 2135; x_wconf 83' lang='lat' dir='ltr'><strong>neribus</strong></span> <span class='ocrx_word' id='word_1_187' title='bbox 565 2072 850 2135; x_wconf 85' lang='lat' dir='ltr'><strong>inservire</strong></span> <span class='ocrx_word' id='word_1_188' title='bbox 881 2074 1053 2154; x_wconf 89' lang='lat' dir='ltr'><strong>coepi</strong></span> <span class='ocrx_word' id='word_1_189' title='bbox 1084 2091 1298 2154; x_wconf 87' lang='lat' dir='ltr'><strong>meque</strong></span> <span class='ocrx_word' id='word_1_190' title='bbox 1319 2082 1512 2135; x_wconf 90' lang='lat' dir='ltr'><strong>totum</strong></span> <span class='ocrx_word' id='word_1_191' title='bbox 1535 2074 1620 2135; x_wconf 87' lang='lat' dir='ltr'><strong>rei</strong></span> <span class='ocrx_word' id='word_1_192' title='bbox 1644 2072 1918 2155; x_wconf 90' lang='lat' dir='ltr'><strong>publicae</strong></span> <span class='ocrx_word' id='word_1_193' title='bbox 1946 2073 2179 2150; x_wconf 87' lang='lat' dir='ltr'><strong>tradidi,</strong></span> <span class='ocrx_word' id='word_1_194' title='bbox 2208 2082 2438 2136; x_wconf 88' lang='lat' dir='ltr'><strong>tantum</strong></span> 
     </span>
    </p>
   </div>
   <div class='ocr_carea' id='block_1_9' title="bbox 285 2157 2441 2242">
    <p class='ocr_par' dir='ltr' id='par_1_9' title="bbox 285 2157 2441 2242">
     <span class='ocr_line' id='line_1_23' title="bbox 285 2157 2441 2242; baseline 0.001 -22"><span class='ocrx_word' id='word_1_195' title='bbox 285 2167 407 2221; x_wconf 85' lang='lat' dir='ltr'><strong>erat</strong></span> <span class='ocrx_word' id='word_1_196' title='bbox 452 2158 862 2240; x_wconf 88' lang='lat' dir='ltr'><strong>philosophiae</strong></span> <span class='ocrx_word' id='word_1_197' title='bbox 904 2158 1054 2234; x_wconf 87' lang='lat' dir='ltr'><strong>loci,</strong></span> <span class='ocrx_word' id='word_1_198' title='bbox 1114 2166 1402 2239; x_wconf 89' lang='lat' dir='ltr'><strong>quantum</strong></span> <span class='ocrx_word' id='word_1_199' title='bbox 1459 2160 1827 2242; x_wconf 81' lang='lat' dir='ltr'><strong>superfuerat</strong></span> <span class='ocrx_word' id='word_1_200' title='bbox 1883 2160 2210 2221; x_wconf 88' lang='lat' dir='ltr'><strong>amicorum</strong></span> <span class='ocrx_word' id='word_1_201' title='bbox 2254 2168 2311 2222; x_wconf 90' lang='lat' dir='ltr'><strong>et</strong></span> <span class='ocrx_word' id='word_1_202' title='bbox 2353 2157 2441 2222; x_wconf 92' lang='lat' dir='ltr'><strong>rei</strong></span> 
     </span>
    </p>
   </div>
   <div class='ocr_carea' id='block_1_10' title="bbox 278 2325 1315 4016">
    <p class='ocr_par' dir='ltr' id='par_1_10' title="bbox 278 2325 1315 2528">
     <span class='ocr_line' id='line_1_24' title="bbox 282 2325 1315 2393; baseline 0.001 -15"><span class='ocrx_word' id='word_1_203' title='bbox 282 2341 492 2378; x_wconf 81' lang='lat' dir='ltr'><strong>nomen.</strong></span> <span class='ocrx_word' id='word_1_204' title='bbox 512 2325 577 2378; x_wconf 85' lang='lat' dir='ltr'><strong>de</strong></span> <span class='ocrx_word' id='word_1_205' title='bbox 589 2326 689 2392; x_wconf 76' lang='lat' dir='ltr'><strong>leg.</strong></span> <span class='ocrx_word' id='word_1_206' title='bbox 708 2326 752 2378; x_wconf 89' lang='lat'><strong>11</strong></span> <span class='ocrx_word' id='word_1_207' title='bbox 766 2331 818 2392; x_wconf 81' lang='lat'><strong>5,</strong></span> <span class='ocrx_word' id='word_1_208' title='bbox 837 2329 898 2381; x_wconf 80' lang='lat'><strong>13</strong></span> <span class='ocrx_word' id='word_1_209' title='bbox 918 2343 1057 2393; x_wconf 78' lang='lat' dir='ltr'><strong>quae</strong></span> <span class='ocrx_word' id='word_1_210' title='bbox 1071 2342 1183 2379; x_wconf 83' lang='lat' dir='ltr'><strong>non</strong></span> <span class='ocrx_word' id='word_1_211' title='bbox 1202 2342 1315 2379; x_wconf 81' lang='lat' dir='ltr'><strong>ma-</strong></span> 
     </span>
     <span class='ocr_line' id='line_1_25' title="bbox 278 2394 1311 2528; baseline 0.003 -16"><span class='ocrx_word' id='word_1_212' title='bbox 278 2394 1311 2528; x_wconf 52' lang='lat' dir='ltr'><strong>{2“1J.⁶53‘2.m55.5.²⁶}.”z“.3‡.2.3“⁰²”</strong></span> 
     </span>
    </p>

    <p class='ocr_par' dir='ltr' id='par_1_11' title="bbox 283 2530 1315 3264">
     <span class='ocr_line' id='line_1_26' title="bbox 353 2530 1310 2584; baseline -0.003 0"><span class='ocrx_word' id='word_1_213' title='bbox 353 2535 404 2584; x_wconf 81' lang='grc'><strong>5.</strong></span> <span class='ocrx_word' id='word_1_214' title='bbox 436 2533 613 2582; x_wconf 73' lang='lat' dir='ltr'><strong>soeioe</strong></span> <span class='ocrx_word' id='word_1_215' title='bbox 646 2534 968 2582; x_wconf 66' lang='lat' dir='ltr'><strong>amisissem.-</strong></span> <span class='ocrx_word' id='word_1_216' title='bbox 1002 2530 1067 2582; x_wconf 84' lang='lat' dir='ltr'><strong>ad</strong></span> <span class='ocrx_word' id='word_1_217' title='bbox 1097 2531 1214 2583; x_wconf 76' lang='lat' dir='ltr'><strong>fam.</strong></span> <span class='ocrx_word' id='word_1_218' title='bbox 1242 2530 1310 2583; x_wconf 84' lang='lat' dir='ltr'><strong>lv</strong></span> 
     </span>
     <span class='ocr_line' id='line_1_27' title="bbox 290 2597 1312 2664; baseline -0.002 -12"><span class='ocrx_word' id='word_1_219' title='bbox 290 2601 381 2664; x_wconf 85' lang='grc'><strong>13,</strong></span> <span class='ocrx_word' id='word_1_220' title='bbox 417 2602 447 2650; x_wconf 85' lang='grc'><strong>2</strong></span> <span class='ocrx_word' id='word_1_221' title='bbox 498 2614 656 2650; x_wconf 77' lang='lat' dir='ltr'><strong>careo</strong></span> <span class='ocrx_word' id='word_1_222' title='bbox 700 2615 824 2650; x_wconf 76' lang='lat' dir='ltr'><strong>cum</strong></span> <span class='ocrx_word' id='word_1_223' title='bbox 868 2597 1312 2660; x_wconf 67' lang='lat' dir='ltr'><strong>familiarissimis</strong></span> 
     </span>
     <span class='ocr_line' id='line_1_28' title="bbox 283 2667 1313 2734; baseline 0 -16"><span class='ocrx_word' id='word_1_224' title='bbox 283 2667 484 2732; x_wconf 68' lang='lat' dir='ltr'><strong>multis,</strong></span> <span class='ocrx_word' id='word_1_225' title='bbox 509 2683 642 2732; x_wconf 74' lang='lat' dir='ltr'><strong>quoe</strong></span> <span class='ocrx_word' id='word_1_226' title='bbox 656 2672 757 2719; x_wconf 81' lang='lat' dir='ltr'><strong>aut</strong></span> <span class='ocrx_word' id='word_1_227' title='bbox 770 2683 917 2718; x_wconf 74' lang='lat' dir='ltr'><strong>mors</strong></span> <span class='ocrx_word' id='word_1_228' title='bbox 934 2670 1138 2734; x_wconf 78' lang='lat' dir='ltr'><strong>eripuit</strong></span> <span class='ocrx_word' id='word_1_229' title='bbox 1158 2670 1313 2719; x_wconf 71' lang='lat' dir='ltr'><strong>nobi-5</strong></span> 
     </span>
     <span class='ocr_line' id='line_1_29' title="bbox 283 2735 1312 2802; baseline 0.001 -16"><span class='ocrx_word' id='word_1_230' title='bbox 283 2741 384 2787; x_wconf 81' lang='lat' dir='ltr'><strong>aut</strong></span> <span class='ocrx_word' id='word_1_231' title='bbox 414 2736 677 2787; x_wconf 75' lang='lat' dir='ltr'><strong>distraxit</strong></span> <span class='ocrx_word' id='word_1_232' title='bbox 704 2735 868 2802; x_wconf 73' lang='lat' dir='ltr'><strong>fuga,</strong></span> <span class='ocrx_word' id='word_1_233' title='bbox 916 2740 1030 2786; x_wconf 81' lang='lat' dir='ltr'><strong>tum</strong></span> <span class='ocrx_word' id='word_1_234' title='bbox 1064 2737 1312 2787; x_wconf 74' lang='lat' dir='ltr'><strong>omnibus</strong></span> 
     </span>
     <span class='ocr_line' id='line_1_30' title="bbox 283 2805 1315 2869; baseline 0.001 -15"><span class='ocrx_word' id='word_1_235' title='bbox 283 2807 488 2868; x_wconf 73' lang='lat' dir='ltr'><strong>amieis,</strong></span> <span class='ocrx_word' id='word_1_236' title='bbox 525 2819 755 2869; x_wconf 77' lang='lat' dir='ltr'><strong>quorum</strong></span> <span class='ocrx_word' id='word_1_237' title='bbox 783 2805 1200 2857; x_wconf 63' lang='lat' dir='ltr'><strong>benevolentiam</strong></span> <span class='ocrx_word' id='word_1_238' title='bbox 1216 2820 1315 2855; x_wconf 79' lang='lat' dir='ltr'><strong>no-</strong></span> 
     </span>
     <span class='ocr_line' id='line_1_31' title="bbox 284 2872 1310 2939; baseline 0 -17"><span class='ocrx_word' id='word_1_239' title='bbox 284 2874 367 2922; x_wconf 72' lang='lat' dir='ltr'><strong>bis</strong></span> <span class='ocrx_word' id='word_1_240' title='bbox 401 2872 726 2923; x_wconf 76' lang='lat' dir='ltr'><strong>conciliarat</strong></span> <span class='ocrx_word' id='word_1_241' title='bbox 765 2889 866 2939; x_wconf 78' lang='lat' dir='ltr'><strong>per·</strong></span> <span class='ocrx_word' id='word_1_242' title='bbox 908 2888 993 2923; x_wconf 79' lang='lat' dir='ltr'><strong>me</strong></span> <span class='ocrx_word' id='word_1_243' title='bbox 1038 2872 1310 2939; x_wconf 75' lang='lat' dir='ltr'><strong>quondam</strong></span> 
     </span>
     <span class='ocr_line' id='line_1_32' title="bbox 284 2938 1311 3008; baseline 0.003 -18"><span class='ocrx_word' id='word_1_244' title='bbox 284 2938 504 3001; x_wconf 72' lang='lat' dir='ltr'><strong>defensa</strong></span> <span class='ocrx_word' id='word_1_245' title='bbox 537 2956 623 2991; x_wconf 71' lang='lat' dir='ltr'><strong>rea</strong></span> <span class='ocrx_word' id='word_1_246' title='bbox 653 2941 889 3008; x_wconf 74' lang='lat' dir='ltr'><strong>publica.</strong></span> <span class='ocrx_word' id='word_1_247' title='bbox 945 2940 1115 2994; x_wconf 86' lang='lat' dir='ltr'><strong>Damit</strong></span> <span class='ocrx_word' id='word_1_248' title='bbox 1149 2941 1311 2994; x_wconf 88' lang='lat' dir='ltr'><strong>meint</strong></span> 
     </span>
     <span class='ocr_line' id='line_1_33' title="bbox 284 3007 1311 3076; baseline 0 -16"><span class='ocrx_word' id='word_1_249' title='bbox 284 3023 339 3060; x_wconf 89' lang='lat' dir='ltr'><strong>er</strong></span> <span class='ocrx_word' id='word_1_250' title='bbox 374 3007 434 3069; x_wconf 79' lang='lat' dir='ltr'><strong>Q.</strong></span> <span class='ocrx_word' id='word_1_251' title='bbox 470 3008 699 3075; x_wconf 84' lang='lat' dir='ltr'><strong>Catulus,</strong></span> <span class='ocrx_word' id='word_1_252' title='bbox 737 3009 792 3062; x_wconf 86' lang='lat' dir='ltr'><strong>G.</strong></span> <span class='ocrx_word' id='word_1_253' title='bbox 826 3009 965 3076; x_wconf 82' lang='lat' dir='ltr'><strong>Piso,</strong></span> <span class='ocrx_word' id='word_1_254' title='bbox 1001 3009 1087 3062; x_wconf 79' lang='lat' dir='ltr'><strong>die</strong></span> <span class='ocrx_word' id='word_1_255' title='bbox 1120 3009 1311 3061; x_wconf 80' lang='lat' dir='ltr'><strong>beiden</strong></span> 
     </span>
     <span class='ocr_line' id='line_1_34' title="bbox 284 3075 1308 3144; baseline 0.002 -15"><span class='ocrx_word' id='word_1_256' title='bbox 284 3077 508 3143; x_wconf 84' lang='lat' dir='ltr'><strong>Luculli,</strong></span> <span class='ocrx_word' id='word_1_257' title='bbox 547 3075 843 3144; x_wconf 75' lang='lat' dir='ltr'><strong>PompeJus,</strong></span> <span class='ocrx_word' id='word_1_258' title='bbox 877 3077 935 3131; x_wconf 92' lang='lat' dir='ltr'><strong>P.</strong></span> <span class='ocrx_word' id='word_1_259' title='bbox 975 3077 1222 3131; x_wconf 85' lang='lat' dir='ltr'><strong>Servilius</strong></span> <span class='ocrx_word' id='word_1_260' title='bbox 1257 3093 1308 3131; x_wconf 90' lang='lat' dir='ltr'><strong>u.</strong></span> 
     </span>
     <span class='ocr_line' id='line_1_35' title="bbox 284 3144 1310 3264; baseline 0.004 -70"><span class='ocrx_word' id='word_1_261' title='bbox 284 3144 483 3264; x_wconf 50' lang='lat' dir='ltr'><strong>Anda-e,</strong></span> <span class='ocrx_word' id='word_1_262' title='bbox 518 3145 603 3197; x_wconf 85' lang='lat' dir='ltr'><strong>die</strong></span> <span class='ocrx_word' id='word_1_263' title='bbox 628 3144 758 3199; x_wconf 77' lang='lat' dir='ltr'><strong>Phil.</strong></span> <span class='ocrx_word' id='word_1_264' title='bbox 782 3146 825 3198; x_wconf 80' lang='lat' dir='ltr'>ss</span> <span class='ocrx_word' id='word_1_265' title='bbox 849 3148 897 3214; x_wconf 78' lang='lat'><strong>5,</strong></span> <span class='ocrx_word' id='word_1_266' title='bbox 925 3149 988 3200; x_wconf 79' lang='lat'><strong>12</strong></span> <span class='ocrx_word' id='word_1_267' title='bbox 1014 3146 1310 3213; x_wconf 70' lang='lat' dir='ltr'><strong>ausgezahlt</strong></span> 
     </span>
     <span class='ocr_line' id='line_1_36' title="bbox 284 3227 506 3264; baseline 0.009 -2"><span class='ocrx_word' id='word_1_268' title='bbox 284 3227 391 3264; x_wconf 83' lang='lat' dir='ltr'><strong>wer</strong></span> <span class='ocrx_word' id='word_1_269' title='bbox 426 3228 506 3264; x_wconf 89' lang='lat' dir='ltr'><strong>en.</strong></span> 
     </span>
    </p>

    <p class='ocr_par' dir='ltr' id='par_1_12' title="bbox 285 3281 1309 3414">
     <span class='ocr_line' id='line_1_37' title="bbox 353 3281 1309 3414; baseline 0.003 -84"><span class='ocrx_word' id='word_1_270' title='bbox 353 3283 403 3398; x_wconf 57' lang='grc' dir='ltr'><strong>(ἰ.</strong></span> <span class='ocrx_word' id='word_1_271' title='bbox 422 3283 781 3414; x_wconf 40' lang='grc' dir='ltr'><strong>ἃιῖἷιιεμοιϊῠιιιτι</strong></span> <span class='ocrx_word' id='word_1_272' title='bbox 837 3283 967 3335; x_wconf 77' lang='lat' dir='ltr'><strong>fiber</strong></span> <span class='ocrx_word' id='word_1_273' title='bbox 1001 3283 1101 3335; x_wconf 87' lang='lat' dir='ltr'><strong>den</strong></span> <span class='ocrx_word' id='word_1_274' title='bbox 1137 3281 1309 3335; x_wconf 88' lang='lat' dir='ltr'><strong>Plural</strong></span> 
     </span>
     <span class='ocr_line' id='line_1_38' title="bbox 285 3363 557 3400; baseline 0.007 -2"><span class='ocrx_word' id='word_1_275' title='bbox 285 3363 329 3399; x_wconf 83' lang='lat' dir='ltr'><strong>z.</strong></span> <span class='ocrx_word' id='word_1_276' title='bbox 545 3387 557 3400; x_wconf 93' lang='lat'><strong>.</strong></span> 
     </span>
    </p>

    <p class='ocr_par' dir='ltr' id='par_1_13' title="bbox 283 3416 1312 3809">
     <span class='ocr_line' id='line_1_39' title="bbox 354 3416 1311 3485; baseline 0.004 -18"><span class='ocrx_word' id='word_1_277' title='bbox 354 3419 401 3468; x_wconf 81' lang='lat'><strong>7.</strong></span> <span class='ocrx_word' id='word_1_278' title='bbox 436 3430 657 3466; x_wconf 74' lang='lat' dir='ltr'><strong>rursum</strong></span> <span class='ocrx_word' id='word_1_279' title='bbox 670 3435 688 3465; x_wconf 94' lang='lat'><strong>.·</strong></span> <span class='ocrx_word' id='word_1_280' title='bbox 727 3416 828 3469; x_wconf 83' lang='lat' dir='ltr'><strong>wie</strong></span> <span class='ocrx_word' id='word_1_281' title='bbox 863 3417 956 3470; x_wconf 85' lang='lat' dir='ltr'><strong>das</strong></span> <span class='ocrx_word' id='word_1_282' title='bbox 991 3419 1311 3485; x_wconf 76' lang='lat' dir='ltr'><strong>griechische</strong></span> 
     </span>
     <span class='ocr_line' id='line_1_40' title="bbox 283 3470 1310 3553; baseline 0.006 -19"><span class='ocrx_word' id='word_1_283' title='bbox 283 3470 453 3537; x_wconf 61' lang='grc' dir='ltr'><strong><em>αὖθις</em></strong></span> <span class='ocrx_word' id='word_1_284' title='bbox 468 3508 537 3530; x_wconf 69' lang='grc' dir='ltr'><strong>ει-</strong></span> <span class='ocrx_word' id='word_1_285' title='bbox 559 3488 776 3549; x_wconf 67' lang='lat' dir='ltr'><strong>contra,</strong></span> <span class='ocrx_word' id='word_1_286' title='bbox 802 3484 1136 3547; x_wconf 70' lang='lat' dir='ltr'><strong>andrerseits3</strong></span> <span class='ocrx_word' id='word_1_287' title='bbox 1174 3486 1208 3553; x_wconf 58' lang='grc' dir='ltr'><strong>ξ</strong></span> <span class='ocrx_word' id='word_1_288' title='bbox 1227 3491 1310 3541; x_wconf 84' lang='lat'><strong>20.</strong></span> 
     </span>
     <span class='ocr_line' id='line_1_41' title="bbox 285 3551 1312 3618; baseline 0.002 -14"><span class='ocrx_word' id='word_1_289' title='bbox 285 3552 348 3604; x_wconf 85' lang='lat' dir='ltr'><strong>de</strong></span> <span class='ocrx_word' id='word_1_290' title='bbox 380 3568 454 3607; x_wconf 84' lang='lat' dir='ltr'><strong>or.</strong></span> <span class='ocrx_word' id='word_1_291' title='bbox 482 3551 606 3617; x_wconf 78' lang='lat'><strong>124,</strong></span> <span class='ocrx_word' id='word_1_292' title='bbox 634 3555 728 3605; x_wconf 85' lang='lat'><strong>110</strong></span> <span class='ocrx_word' id='word_1_293' title='bbox 764 3568 935 3618; x_wconf 82' lang='lat' dir='ltr'><strong>neque</strong></span> <span class='ocrx_word' id='word_1_294' title='bbox 968 3569 1161 3604; x_wconf 72' lang='lat' dir='ltr'><strong>rursm·</strong></span> <span class='ocrx_word' id='word_1_295' title='bbox 1193 3570 1312 3606; x_wconf 79' lang='lat' dir='ltr'><strong>eam</strong></span> 
     </span>
     <span class='ocr_line' id='line_1_42' title="bbox 288 3620 1310 3688; baseline 0.006 -18"><span class='ocrx_word' id='word_1_296' title='bbox 288 3624 454 3671; x_wconf 82' lang='lat' dir='ltr'><strong>totam</strong></span> <span class='ocrx_word' id='word_1_297' title='bbox 486 3620 819 3687; x_wconf 71' lang='lat' dir='ltr'><strong>repudiaret.</strong></span> <span class='ocrx_word' id='word_1_298' title='bbox 857 3620 919 3673; x_wconf 87' lang='lat' dir='ltr'><strong>de</strong></span> <span class='ocrx_word' id='word_1_299' title='bbox 944 3620 1032 3673; x_wconf 83' lang='lat' dir='ltr'><strong>fin.</strong></span> <span class='ocrx_word' id='word_1_300' title='bbox 1056 3621 1117 3673; x_wconf 91' lang='lat'><strong>111</strong></span> <span class='ocrx_word' id='word_1_301' title='bbox 1145 3625 1225 3688; x_wconf 81' lang='lat'><strong>10,</strong></span> <span class='ocrx_word' id='word_1_302' title='bbox 1244 3626 1310 3676; x_wconf 86' lang='lat'><strong>34</strong></span> 
     </span>
     <span class='ocr_line' id='line_1_43' title="bbox 285 3691 1312 3754; baseline 0.004 -16"><span class='ocrx_word' id='word_1_303' title='bbox 285 3704 455 3754; x_wconf 76' lang='lat' dir='ltr'><strong>neque</strong></span> <span class='ocrx_word' id='word_1_304' title='bbox 497 3691 558 3739; x_wconf 77' lang='lat' dir='ltr'><strong>in</strong></span> <span class='ocrx_word' id='word_1_305' title='bbox 602 3691 760 3740; x_wconf 66' lang='lat' dir='ltr'><strong>bortis</strong></span> <span class='ocrx_word' id='word_1_306' title='bbox 790 3694 1076 3742; x_wconf 75' lang='lat' dir='ltr'><strong>numerata</strong></span> <span class='ocrx_word' id='word_1_307' title='bbox 1109 3694 1184 3741; x_wconf 75' lang='lat' dir='ltr'><strong>eit</strong></span> <span class='ocrx_word' id='word_1_308' title='bbox 1213 3706 1312 3742; x_wconf 81' lang='lat' dir='ltr'><strong>nec</strong></span> 
     </span>
     <span class='ocr_line' id='line_1_44' title="bbox 284 3757 774 3809; baseline 0.004 -2"><span class='ocrx_word' id='word_1_309' title='bbox 284 3772 476 3808; x_wconf 70' lang='lat' dir='ltr'><strong>rursus</strong></span> <span class='ocrx_word' id='word_1_310' title='bbox 508 3760 568 3808; x_wconf 81' lang='lat' dir='ltr'><strong>in</strong></span> <span class='ocrx_word' id='word_1_311' title='bbox 601 3757 774 3809; x_wconf 73' lang='lat' dir='ltr'><strong>malis.</strong></span> 
     </span>
    </p>

    <p class='ocr_par' dir='ltr' id='par_1_14' title="bbox 285 3826 1310 4016">
     <span class='ocr_line' id='line_1_45' title="bbox 355 3826 1310 3893; baseline -0.001 -14"><span class='ocrx_word' id='word_1_312' title='bbox 355 3828 401 3879; x_wconf 90' lang='lat'><strong>8.</strong></span> <span class='ocrx_word' id='word_1_313' title='bbox 439 3840 544 3892; x_wconf 79' lang='lat' dir='ltr'><strong>quo</strong></span> <span class='ocrx_word' id='word_1_314' title='bbox 580 3831 830 3893; x_wconf 70' lang='lat' dir='ltr'><strong>evaporat</strong></span> <span class='ocrx_word' id='word_1_315' title='bbox 861 3831 1040 3878; x_wconf 73' lang='lat' dir='ltr'><strong>statu.-</strong></span> <span class='ocrx_word' id='word_1_316' title='bbox 1088 3826 1310 3878; x_wconf 69' lang='lat' dir='ltr'><strong>namlieh</strong></span> 
     </span>
     <span class='ocr_line' id='line_1_46' title="bbox 285 3892 1309 3948; baseline 0.001 -2"><span class='ocrx_word' id='word_1_317' title='bbox 285 3892 619 3946; x_wconf 81' lang='lat' dir='ltr'><strong>unmittelbar</strong></span> <span class='ocrx_word' id='word_1_318' title='bbox 635 3894 767 3947; x_wconf 84' lang='lat' dir='ltr'><strong>nach</strong></span> <span class='ocrx_word' id='word_1_319' title='bbox 780 3894 961 3947; x_wconf 68' lang='lat' dir='ltr'><strong>Casars</strong></span> <span class='ocrx_word' id='word_1_320' title='bbox 974 3894 1258 3948; x_wconf 85' lang='lat' dir='ltr'><strong>Ermordun</strong></span> <span class='ocrx_word' id='word_1_321' title='bbox 1296 3935 1309 3948; x_wconf 89' lang='lat'><strong>.</strong></span> 
     </span>
     <span class='ocr_line' id='line_1_47' title="bbox 287 3960 1310 4016; baseline 0.003 -3"><span class='ocrx_word' id='word_1_322' title='bbox 287 3960 395 4015; x_wconf 77' lang='lat' dir='ltr'><strong>Ans</strong></span> <span class='ocrx_word' id='word_1_323' title='bbox 415 3961 508 4014; x_wconf 82' lang='lat' dir='ltr'><strong>das</strong></span> <span class='ocrx_word' id='word_1_324' title='bbox 531 3960 727 4015; x_wconf 81' lang='lat' dir='ltr'><strong>damals</strong></span> <span class='ocrx_word' id='word_1_325' title='bbox 751 3962 942 4016; x_wconf 74' lang='lat' dir='ltr'><strong>wieder</strong></span> <span class='ocrx_word' id='word_1_326' title='bbox 974 3963 1207 4016; x_wconf 81' lang='lat' dir='ltr'><strong>erwache</strong></span> <span class='ocrx_word' id='word_1_327' title='bbox 1280 3978 1310 4016; x_wconf 89' lang='lat' dir='ltr'><strong>e</strong></span> 
     </span>
    </p>
   </div>
   <div class='ocr_carea' id='block_1_11' title="bbox 1411 2326 2443 4028">
    <p class='ocr_par' dir='ltr' id='par_1_15' title="bbox 1412 2326 2443 2871">
     <span class='ocr_line' id='line_1_48' title="bbox 1415 2326 2440 2381; baseline 0 -2"><span class='ocrx_word' id='word_1_328' title='bbox 1415 2326 1742 2381; x_wconf 80' lang='lat' dir='ltr'><strong>Staatsleben</strong></span> <span class='ocrx_word' id='word_1_329' title='bbox 1785 2328 1994 2380; x_wconf 82' lang='lat' dir='ltr'><strong>bezieht</strong></span> <span class='ocrx_word' id='word_1_330' title='bbox 2038 2328 2149 2381; x_wconf 87' lang='lat' dir='ltr'><strong>sich</strong></span> <span class='ocrx_word' id='word_1_331' title='bbox 2196 2328 2328 2380; x_wconf 86' lang='lat' dir='ltr'><strong>auch</strong></span> <span class='ocrx_word' id='word_1_332' title='bbox 2375 2327 2440 2379; x_wconf 86' lang='lat' dir='ltr'><strong>de</strong></span> 
     </span>
     <span class='ocr_line' id='line_1_49' title="bbox 1414 2395 2443 2463; baseline 0 -16"><span class='ocrx_word' id='word_1_333' title='bbox 1414 2396 1571 2448; x_wconf 72' lang='lat' dir='ltr'><strong>divin.</strong></span> <span class='ocrx_word' id='word_1_334' title='bbox 1618 2395 1661 2447; x_wconf 91' lang='lat'><strong>11</strong></span> <span class='ocrx_word' id='word_1_335' title='bbox 1706 2399 1764 2462; x_wconf 88' lang='lat'><strong>2,</strong></span> <span class='ocrx_word' id='word_1_336' title='bbox 1801 2400 1830 2446; x_wconf 83' lang='lat'><strong>7</strong></span> <span class='ocrx_word' id='word_1_337' title='bbox 1878 2412 2026 2447; x_wconf 76' lang='lat' dir='ltr'><strong>nunc</strong></span> <span class='ocrx_word' id='word_1_338' title='bbox 2071 2400 2329 2463; x_wconf 80' lang='lat' dir='ltr'><strong>quoniam</strong></span> <span class='ocrx_word' id='word_1_339' title='bbox 2376 2397 2443 2447; x_wconf 78' lang='lat' dir='ltr'><strong>de</strong></span> 
     </span>
     <span class='ocr_line' id='line_1_50' title="bbox 1412 2464 2443 2531; baseline 0.002 -17"><span class='ocrx_word' id='word_1_340' title='bbox 1412 2480 1475 2515; x_wconf 79' lang='lat' dir='ltr'><strong>re</strong></span> <span class='ocrx_word' id='word_1_341' title='bbox 1505 2464 1724 2530; x_wconf 77' lang='lat' dir='ltr'><strong>publica</strong></span> <span class='ocrx_word' id='word_1_342' title='bbox 1770 2465 1979 2515; x_wconf 71' lang='lat' dir='ltr'><strong>consulo·</strong></span> <span class='ocrx_word' id='word_1_343' title='bbox 2022 2469 2197 2531; x_wconf 66' lang='lat' dir='ltr'><strong>coepti</strong></span> <span class='ocrx_word' id='word_1_344' title='bbox 2242 2480 2443 2527; x_wconf 71' lang='lat' dir='ltr'><strong>sumus,</strong></span> 
     </span>
     <span class='ocr_line' id='line_1_51' title="bbox 1417 2532 2442 2600; baseline -0.002 -16"><span class='ocrx_word' id='word_1_345' title='bbox 1417 2532 1702 2584; x_wconf 56' lang='lat' dir='ltr'><strong>inbuenda</strong></span> <span class='ocrx_word' id='word_1_346' title='bbox 1749 2537 1829 2583; x_wconf 71' lang='lat' dir='ltr'><strong>est</strong></span> <span class='ocrx_word' id='word_1_347' title='bbox 1872 2548 2037 2600; x_wconf 81' lang='lat' dir='ltr'><strong>opera</strong></span> <span class='ocrx_word' id='word_1_348' title='bbox 2073 2537 2158 2584; x_wconf 80' lang='lat' dir='ltr'><strong>rei</strong></span> <span class='ocrx_word' id='word_1_349' title='bbox 2186 2533 2442 2600; x_wconf 76' lang='lat' dir='ltr'><strong>publicae</strong></span> 
     </span>
     <span class='ocr_line' id='line_1_52' title="bbox 1415 2600 2439 2667; baseline 0.002 -17"><span class='ocrx_word' id='word_1_350' title='bbox 1415 2600 1501 2650; x_wconf 74' lang='lat' dir='ltr'><strong>vel</strong></span> <span class='ocrx_word' id='word_1_351' title='bbox 1531 2605 1705 2651; x_wconf 75' lang='lat' dir='ltr'><strong>omnis</strong></span> <span class='ocrx_word' id='word_1_352' title='bbox 1747 2603 1935 2666; x_wconf 75' lang='lat' dir='ltr'><strong>potius</strong></span> <span class='ocrx_word' id='word_1_353' title='bbox 1979 2604 2040 2650; x_wconf 78' lang='lat' dir='ltr'><strong>in</strong></span> <span class='ocrx_word' id='word_1_354' title='bbox 2076 2616 2138 2651; x_wconf 84' lang='lat' dir='ltr'><strong>ea</strong></span> <span class='ocrx_word' id='word_1_355' title='bbox 2176 2603 2439 2667; x_wconf 73' lang='lat' dir='ltr'><strong>cogitatio</strong></span> 
     </span>
     <span class='ocr_line' id='line_1_53' title="bbox 1415 2667 2442 2734; baseline 0.002 -16"><span class='ocrx_word' id='word_1_356' title='bbox 1415 2673 1469 2718; x_wconf 84' lang='lat' dir='ltr'><strong>et</strong></span> <span class='ocrx_word' id='word_1_357' title='bbox 1502 2683 1636 2720; x_wconf 76' lang='lat' dir='ltr'><strong>cura</strong></span> <span class='ocrx_word' id='word_1_358' title='bbox 1666 2669 1932 2734; x_wconf 80' lang='lat' dir='ltr'><strong>ponenda.</strong></span> <span class='ocrx_word' id='word_1_359' title='bbox 2003 2667 2164 2722; x_wconf 86' lang='lat' dir='ltr'><strong>Unter</strong></span> <span class='ocrx_word' id='word_1_360' title='bbox 2203 2671 2442 2720; x_wconf 73' lang='lat' dir='ltr'><strong>homines</strong></span> 
     </span>
     <span class='ocr_line' id='line_1_54' title="bbox 1414 2736 2440 2803; baseline 0.001 -16"><span class='ocrx_word' id='word_1_361' title='bbox 1414 2763 1459 2773; x_wconf 95' lang='lat'><em>-</em></span> <span class='ocrx_word' id='word_1_362' title='bbox 1493 2736 1681 2803; x_wconf 75' lang='lat' dir='ltr'><strong>cupidi</strong></span> <span class='ocrx_word' id='word_1_363' title='bbox 1722 2736 1839 2789; x_wconf 83' lang='lat' dir='ltr'><strong>sind</strong></span> <span class='ocrx_word' id='word_1_364' title='bbox 1871 2736 2128 2790; x_wconf 79' lang='lat' dir='ltr'><strong>Antonius</strong></span> <span class='ocrx_word' id='word_1_365' title='bbox 2179 2737 2284 2790; x_wconf 87' lang='lat' dir='ltr'><strong>und</strong></span> <span class='ocrx_word' id='word_1_366' title='bbox 2328 2736 2440 2788; x_wconf 80' lang='lat' dir='ltr'><strong>sein</strong></span> 
     </span>
     <span class='ocr_line' id='line_1_55' title="bbox 1413 2804 1909 2871; baseline 0.006 -16"><span class='ocrx_word' id='word_1_367' title='bbox 1413 2804 1633 2871; x_wconf 78' lang='lat' dir='ltr'><strong>Anhang</strong></span> <span class='ocrx_word' id='word_1_368' title='bbox 1666 2805 1909 2871; x_wconf 74' lang='lat' dir='ltr'><strong>gemeint.</strong></span> 
     </span>
    </p>

    <p class='ocr_par' dir='ltr' id='par_1_16' title="bbox 1411 2872 2441 3267">
     <span class='ocr_line' id='line_1_56' title="bbox 1489 2872 2441 2939; baseline 0.001 -14"><span class='ocrx_word' id='word_1_369' title='bbox 1489 2875 1565 2925; x_wconf 79' lang='lat'><strong>12.</strong></span> <span class='ocrx_word' id='word_1_370' title='bbox 1602 2876 1853 2939; x_wconf 73' lang='lat' dir='ltr'><strong>actiones,</strong></span> <span class='ocrx_word' id='word_1_371' title='bbox 1888 2873 1972 2925; x_wconf 86' lang='lat' dir='ltr'><strong>die</strong></span> <span class='ocrx_word' id='word_1_372' title='bbox 1991 2872 2324 2926; x_wconf 73' lang='lat' dir='ltr'><strong>offentlichen</strong></span> <span class='ocrx_word' id='word_1_373' title='bbox 2342 2872 2441 2926; x_wconf 85' lang='lat' dir='ltr'><strong>Re-</strong></span> 
     </span>
     <span class='ocr_line' id='line_1_57' title="bbox 1414 2939 2440 3009; baseline 0.001 -17"><span class='ocrx_word' id='word_1_374' title='bbox 1414 2939 1531 3006; x_wconf 82' lang='lat' dir='ltr'><strong>den,</strong></span> <span class='ocrx_word' id='word_1_375' title='bbox 1550 2941 1652 2993; x_wconf 82' lang='lat' dir='ltr'><strong>wie</strong></span> <span class='ocrx_word' id='word_1_376' title='bbox 1672 2941 1833 2995; x_wconf 79' lang='lat' dir='ltr'><strong>sehon</strong></span> <span class='ocrx_word' id='word_1_377' title='bbox 1854 2941 1945 2994; x_wconf 84' lang='lat' dir='ltr'><strong>das</strong></span> <span class='ocrx_word' id='word_1_378' title='bbox 1966 2941 2208 3009; x_wconf 78' lang='lat' dir='ltr'><strong>folgende</strong></span> <span class='ocrx_word' id='word_1_379' title='bbox 2227 2943 2440 2994; x_wconf 77' lang='lat' dir='ltr'><strong>litterae</strong></span> 
     </span>
     <span class='ocr_line' id='line_1_58' title="bbox 1412 3007 2439 3077; baseline 0.002 -17"><span class='ocrx_word' id='word_1_380' title='bbox 1412 3007 1652 3070; x_wconf 70' lang='lat' dir='ltr'><strong>forenses</strong></span> <span class='ocrx_word' id='word_1_381' title='bbox 1686 3015 1740 3061; x_wconf 80' lang='lat' dir='ltr'><strong>et</strong></span> <span class='ocrx_word' id='word_1_382' title='bbox 1769 3014 2075 3063; x_wconf 69' lang='lat' dir='ltr'><strong>senatoriae</strong></span> <span class='ocrx_word' id='word_1_383' title='bbox 2126 3011 2262 3077; x_wconf 78' lang='lat' dir='ltr'><strong>zeigt</strong></span> <span class='ocrx_word' id='word_1_384' title='bbox 2279 3050 2292 3076; x_wconf 93' lang='lat'>‚</span> <span class='ocrx_word' id='word_1_385' title='bbox 2346 3010 2439 3063; x_wconf 87' lang='lat' dir='ltr'><strong>das</strong></span> 
     </span>
     <span class='ocr_line' id='line_1_59' title="bbox 1413 3077 2439 3146; baseline 0.001 -17"><span class='ocrx_word' id='word_1_386' title='bbox 1413 3077 1528 3129; x_wconf 85' lang='lat' dir='ltr'><strong>sind</strong></span> <span class='ocrx_word' id='word_1_387' title='bbox 1547 3078 1630 3130; x_wconf 87' lang='lat' dir='ltr'><strong>die</strong></span> <span class='ocrx_word' id='word_1_388' title='bbox 1655 3077 2109 3146; x_wconf 77' lang='lat' dir='ltr'><strong>ausgezeichneten</strong></span> <span class='ocrx_word' id='word_1_389' title='bbox 2127 3078 2321 3144; x_wconf 78' lang='lat' dir='ltr'><strong>Reden,</strong></span> <span class='ocrx_word' id='word_1_390' title='bbox 2355 3078 2439 3130; x_wconf 82' lang='lat' dir='ltr'><strong>die</strong></span> 
     </span>
     <span class='ocr_line' id='line_1_60' title="bbox 1413 3145 2439 3213; baseline 0.001 -16"><span class='ocrx_word' id='word_1_391' title='bbox 1413 3161 1510 3198; x_wconf 50' lang='lat' dir='ltr'><strong>vor¹</strong></span> <span class='ocrx_word' id='word_1_392' title='bbox 1525 3145 1734 3198; x_wconf 84' lang='lat' dir='ltr'><strong>Gericht</strong></span> <span class='ocrx_word' id='word_1_393' title='bbox 1767 3145 1873 3199; x_wconf 86' lang='lat' dir='ltr'><strong>und</strong></span> <span class='ocrx_word' id='word_1_394' title='bbox 1907 3147 1977 3198; x_wconf 79' lang='lat' dir='ltr'><strong>im</strong></span> <span class='ocrx_word' id='word_1_395' title='bbox 2002 3145 2162 3199; x_wconf 69' lang='lat' dir='ltr'><strong>Sonat</strong></span> <span class='ocrx_word' id='word_1_396' title='bbox 2197 3146 2439 3213; x_wconf 78' lang='lat' dir='ltr'><strong>gehalten</strong></span> 
     </span>
     <span class='ocr_line' id='line_1_61' title="bbox 1411 3228 1600 3267; baseline 0.005 -2"><span class='ocrx_word' id='word_1_397' title='bbox 1411 3228 1600 3267; x_wconf 76' lang='lat' dir='ltr'><strong>waren.</strong></span> 
     </span>
    </p>

    <p class='ocr_par' dir='ltr' id='par_1_17' title="bbox 1412 3279 2441 3471">
     <span class='ocr_line' id='line_1_62' title="bbox 1487 3279 2440 3335; baseline 0 -2"><span class='ocrx_word' id='word_1_398' title='bbox 1487 3284 1565 3335; x_wconf 75' lang='lat'><strong>15.</strong></span> <span class='ocrx_word' id='word_1_399' title='bbox 1600 3282 1807 3333; x_wconf 71' lang='lat' dir='ltr'><strong>seilicet</strong></span> <span class='ocrx_word' id='word_1_400' title='bbox 1828 3309 1874 3320; x_wconf 89' lang='lat'>-</span> <span class='ocrx_word' id='word_1_401' title='bbox 1900 3284 2296 3333; x_wconf 63' lang='lat' dir='ltr'><strong>conticuerunt.</strong></span> <span class='ocrx_word' id='word_1_402' title='bbox 2343 3279 2440 3333; x_wconf 81' lang='lat' dir='ltr'><strong>Mit</strong></span> 
     </span>
     <span class='ocr_line' id='line_1_63' title="bbox 1412 3349 2441 3416; baseline 0 -14"><span class='ocrx_word' id='word_1_403' title='bbox 1412 3350 1776 3416; x_wconf 71' lang='lat' dir='ltr'><strong>Resignation:</strong></span> <span class='ocrx_word' id='word_1_404' title='bbox 1809 3349 1912 3401; x_wconf 61' lang='lat' dir='ltr'><strong>⁴sie</strong></span> <span class='ocrx_word' id='word_1_405' title='bbox 1968 3353 2201 3402; x_wconf 83' lang='lat' dir='ltr'><strong>mussten</strong></span> <span class='ocrx_word' id='word_1_406' title='bbox 2254 3349 2441 3402; x_wconf 82' lang='lat' dir='ltr'><strong>selbst-</strong></span> 
     </span>
     <span class='ocr_line' id='line_1_64' title="bbox 1413 3418 2165 3471; baseline 0.001 -2"><span class='ocrx_word' id='word_1_407' title='bbox 1413 3418 1760 3470; x_wconf 67' lang='lat' dir='ltr'><strong>verstfindlich</strong></span> <span class='ocrx_word' id='word_1_408' title='bbox 1800 3421 2165 3471; x_wconf 79' lang='lat' dir='ltr'><strong>verstummen.</strong></span> 
     </span>
    </p>

    <p class='ocr_par' dir='ltr' id='par_1_18' title="bbox 1413 3485 2441 3621">
     <span class='ocr_line' id='line_1_65' title="bbox 1492 3485 2441 3552; baseline 0 -13"><span class='ocrx_word' id='word_1_409' title='bbox 1492 3490 1566 3539; x_wconf 83' lang='lat'><strong>16.</strong></span> <span class='ocrx_word' id='word_1_410' title='bbox 1605 3488 1672 3538; x_wconf 76' lang='lat' dir='ltr'><strong>ab</strong></span> <span class='ocrx_word' id='word_1_411' title='bbox 1705 3489 1897 3538; x_wconf 68' lang='lat' dir='ltr'><strong>initio.-</strong></span> <span class='ocrx_word' id='word_1_412' title='bbox 1931 3501 1974 3540; x_wconf 88' lang='lat' dir='ltr'><strong>s.</strong></span> <span class='ocrx_word' id='word_1_413' title='bbox 2009 3501 2054 3539; x_wconf 84' lang='lat' dir='ltr'><strong>z.</strong></span> <span class='ocrx_word' id='word_1_414' title='bbox 2090 3486 2112 3538; x_wconf 89' lang='lat'>1</span> <span class='ocrx_word' id='word_1_415' title='bbox 2145 3488 2180 3552; x_wconf 62' lang='grc' dir='ltr'><strong>ξ</strong></span> <span class='ocrx_word' id='word_1_416' title='bbox 2206 3490 2299 3539; x_wconf 84' lang='lat'><strong>155</strong></span> <span class='ocrx_word' id='word_1_417' title='bbox 2334 3485 2441 3539; x_wconf 78' lang='lat' dir='ltr'><strong>und</strong></span> 
     </span>
     <span class='ocr_line' id='line_1_66' title="bbox 1413 3554 1702 3621; baseline 0.007 -16"><span class='ocrx_word' id='word_1_418' title='bbox 1413 3554 1543 3607; x_wconf 81' lang='lat' dir='ltr'><strong>Einl.</strong></span> <span class='ocrx_word' id='word_1_419' title='bbox 1582 3554 1616 3621; x_wconf 63' lang='grc' dir='ltr'><strong>ξ</strong></span> <span class='ocrx_word' id='word_1_420' title='bbox 1657 3558 1702 3608; x_wconf 88' lang='grc'><strong>1.</strong></span> 
     </span>
    </p>

    <p class='ocr_par' dir='ltr' id='par_1_19' title="bbox 1413 3621 2441 4028">
     <span class='ocr_line' id='line_1_67' title="bbox 1484 3621 2441 3690; baseline -0.004 -14"><span class='ocrx_word' id='word_1_421' title='bbox 1484 3625 1564 3676; x_wconf 76' lang='grc'><strong>21.</strong></span> <span class='ocrx_word' id='word_1_422' title='bbox 1589 3628 1853 3689; x_wconf 76' lang='lat' dir='ltr'><strong>qnantum</strong></span> <span class='ocrx_word' id='word_1_423' title='bbox 1874 3621 2221 3690; x_wconf 64' lang='lat' dir='ltr'><strong>napea-suerat</strong></span> <span class='ocrx_word' id='word_1_424' title='bbox 2239 3625 2441 3673; x_wconf 70' lang='lat' dir='ltr'><strong>amieo-</strong></span> 
     </span>
     <span class='ocr_line' id='line_1_68' title="bbox 1414 3689 2435 3759; baseline 0.001 -18"><span class='ocrx_word' id='word_1_425' title='bbox 1414 3691 2083 3759; x_wconf 68' lang='lat' dir='ltr'><strong>mm-temporihmsvgl.</strong></span> <span class='ocrx_word' id='word_1_426' title='bbox 2099 3689 2435 3755; x_wconf 75' lang='lat' dir='ltr'><strong>dediv.112‚7</strong></span> 
     </span>
     <span class='ocr_line' id='line_1_69' title="bbox 1414 3758 2439 3826; baseline 0 -16"><span class='ocrx_word' id='word_1_427' title='bbox 1414 3760 1698 3812; x_wconf 75' lang='lat' dir='ltr'><strong>tribuenda</strong></span> <span class='ocrx_word' id='word_1_428' title='bbox 1740 3765 1819 3811; x_wconf 72' lang='lat' dir='ltr'><strong>est</strong></span> <span class='ocrx_word' id='word_1_429' title='bbox 1849 3775 2013 3826; x_wconf 81' lang='lat' dir='ltr'><strong>opera</strong></span> <span class='ocrx_word' id='word_1_430' title='bbox 2048 3761 2131 3810; x_wconf 79' lang='lat' dir='ltr'><strong>rei</strong></span> <span class='ocrx_word' id='word_1_431' title='bbox 2161 3758 2439 3825; x_wconf 79' lang='lat' dir='ltr'><strong>publicae.-</strong></span> 
     </span>
     <span class='ocr_line' id='line_1_70' title="bbox 1413 3827 2440 3893; baseline 0 -16"><span class='ocrx_word' id='word_1_432' title='bbox 1413 3831 1626 3879; x_wconf 74' lang='lat' dir='ltr'><strong>tantum</strong></span> <span class='ocrx_word' id='word_1_433' title='bbox 1650 3830 1778 3880; x_wconf 62' lang='lat' dir='ltr'><strong>huic</strong></span> <span class='ocrx_word' id='word_1_434' title='bbox 1798 3829 1984 3879; x_wconf 64' lang='lat' dir='ltr'><strong>studio</strong></span> <span class='ocrx_word' id='word_1_435' title='bbox 2010 3827 2440 3893; x_wconf 74' lang='lat' dir='ltr'><strong>relinquendum,</strong></span> 
     </span>
     <span class='ocr_line' id='line_1_71' title="bbox 1413 3895 2440 3963; baseline 0 -17"><span class='ocrx_word' id='word_1_436' title='bbox 1413 3901 1673 3961; x_wconf 78' lang='lat' dir='ltr'><strong>quantum</strong></span> <span class='ocrx_word' id='word_1_437' title='bbox 1696 3899 1911 3948; x_wconf 80' lang='lat' dir='ltr'><strong>vacabit</strong></span> <span class='ocrx_word' id='word_1_438' title='bbox 1946 3913 1979 3947; x_wconf 88' lang='lat' dir='ltr'><strong>a</strong></span> <span class='ocrx_word' id='word_1_439' title='bbox 2005 3896 2229 3963; x_wconf 75' lang='lat' dir='ltr'><strong>publico</strong></span> <span class='ocrx_word' id='word_1_440' title='bbox 2254 3895 2440 3958; x_wconf 74' lang='lat' dir='ltr'><strong>officio</strong></span> 
     </span>
     <span class='ocr_line' id='line_1_72' title="bbox 1414 3964 2441 4028; baseline -0.001 -14"><span class='ocrx_word' id='word_1_441' title='bbox 1414 3969 1467 4014; x_wconf 81' lang='lat' dir='ltr'><strong>et</strong></span> <span class='ocrx_word' id='word_1_442' title='bbox 1481 3978 1719 4017; x_wconf 78' lang='lat' dir='ltr'><strong>munere.</strong></span> <span class='ocrx_word' id='word_1_443' title='bbox 1746 3964 1847 4017; x_wconf 83' lang='lat' dir='ltr'><strong>div.</strong></span> <span class='ocrx_word' id='word_1_444' title='bbox 1867 3965 1920 4016; x_wconf 92' lang='lat' dir='ltr'><strong>in</strong></span> <span class='ocrx_word' id='word_1_445' title='bbox 1935 3964 2081 4017; x_wconf 82' lang='lat' dir='ltr'><strong>Gaec.</strong></span> <span class='ocrx_word' id='word_1_446' title='bbox 2098 3965 2184 4028; x_wconf 85' lang='lat'><strong>-13,</strong></span> <span class='ocrx_word' id='word_1_447' title='bbox 2200 3967 2259 4016; x_wconf 83' lang='lat'><strong>41</strong></span> <span class='ocrx_word' id='word_1_448' title='bbox 2285 3978 2441 4015; x_wconf 78' lang='lat' dir='ltr'><strong>omne</strong></span> 
     </span>
    </p>
   </div>
  </div>
 </body>
</html>
