2813 4537
873 279 957 332 DE
994 278 1256 334 OFFICIIS
1291 278 1411 333 ΠΒ.
1447 279 1482 333 1.
1555 278 1697 333 GAP.
1720 282 1801 334 39.
2294 278 2417 342 109

259 454 362 516 sed
392 452 782 532 ignominiam
822 452 1002 514 etiam
1046 461 1105 513 et
1132 452 1539 514 calamitatem.
1604 451 1883 515 Ornanda
1918 452 2077 514 enim
2107 462 2198 514 est
2229 454 2424 533 digni·
2440 465 2526 517 139

257 549 348 600 tas
376 540 586 614 domo,
620 557 742 599 non
772 556 848 599 ex
872 538 1051 600 domo
1081 546 1203 599 tota
1235 539 1605 617 quaerenda,
1644 556 1757 599 nec
1784 540 1961 600 domo
1992 539 2288 614 dominus,
2319 540 2423 602 sed

260 624 502 687 domino
535 625 747 686 domus
768 624 1133 685 honestanda
1164 631 1272 697 est,
1303 632 1363 684 et
1392 633 1462 684 ut
1490 624 1551 685 in
1582 624 1794 685 ceteris
1817 622 2089 685 habenda
2117 625 2269 685 ratio
2302 643 2425 686 non

262 727 366 772 sua
397 710 612 783 solum,
640 710 741 770 sed
776 709 951 770 etiam
971 708 1244 783 aliorum,
1275 708 1361 770 sio
1392 710 1458 769 in
1483 708 1660 770 domo
1684 709 1828 771 clari
1850 709 2130 785 hominis,
2162 710 2224 771 in
2249 728 2425 791 quam

197 803 231 854 5
261 804 318 856 et
361 796 631 876 hospites
670 793 842 856 multi
897 794 1225 875 ieeipiendi
1269 802 1329 856 et
1371 794 1729 857 admittenda
1775 795 2086 856 hominum
2138 795 2427 876 cuiusque

261 880 422 943 modi
448 879 790 955 multitudo,
819 878 1149 942 adhibenda
1178 897 1320 941 cura
1350 887 1443 941 est
1468 879 1740 941 laxitatis.
1786 879 1971 942 Aliter
1987 880 2182 960 ampla
2214 882 2427 943 domus

262 966 537 1028 dedecori
581 984 758 1046 saepe
801 964 1042 1026 domino
1090 965 1187 1039 fit,
1232 964 1283 1025 si
1314 965 1495 1047 estin
1527 984 1594 1026 ea
1624 964 1915 1038 solitudo,
1961 974 2020 1026 et
2045 966 2330 1040 maxime,
2374 966 2425 1027 si

262 1050 579 1131 aliquando
621 1051 738 1112 alio
770 1050 1012 1113 domino
1043 1048 1214 1111 solita
1244 1061 1334 1111 est
1360 1050 1742 1130 frequentari.
1808 1049 2095 1112 Odiosum
2123 1060 2217 1112 est
2245 1052 2424 1124 enim,

264 1153 401 1198 oum
431 1156 465 1199 a
494 1134 1010 1218 praetereuntibus
1036 1135 1282 1196 dicitur.

159 1230 219 1281 ιο
770 1240 804 1282 o
836 1221 1039 1282 domus
1066 1224 1325 1302 antiqua,
1352 1221 1463 1283 keu
1491 1240 1665 1301 quam
1694 1220 1919 1300 dispari

264 1351 271 1356 .
435 1303 760 1368 Dammare
786 1302 1055 1368 domino!

267 1392 426 1472 quod
468 1392 706 1470 quidem
747 1391 843 1454 his
880 1390 1254 1473 temporibus
1289 1391 1353 1452 in
1394 1389 1599 1453 multis
1639 1389 1777 1451 licet
1818 1390 2031 1451 dicere.
2093 1389 2426 1452 Cavendum
2446 1400 2531 1450 140

267 1485 464 1538 autem
493 1486 615 1550 est,
656 1478 1002 1557 praesertim
1028 1476 1081 1539 si
1107 1477 1239 1558 ipse
1267 1476 1568 1550 aedifices,
1613 1494 1690 1537 ne
1720 1484 1883 1537 extra
1914 1476 2157 1537 modum
2186 1488 2428 1557 sumptu

268 1570 329 1623 et
370 1561 804 1640 magnificentia
845 1563 1123 1644 prodeas:
1170 1581 1290 1641 quo
1334 1562 1396 1623 in
1441 1579 1662 1640 genere
1689 1560 1944 1623 multum
1972 1561 2112 1622 mali
2156 1562 2332 1623 etiam
2365 1561 2427 1622 in

160 1656 224 1708 15
266 1648 538 1728 exemplo
570 1654 677 1708 est.
736 1647 1014 1710 Studiose
1044 1647 1205 1709 enim
1234 1647 1506 1728 plerique
1534 1645 1882 1726 praesertim
1921 1646 1985 1709 iu
2016 1647 2170 1708 hanc
2198 1656 2428 1727 partem

191 1732 195 1736 ’
268 1733 418 1794 facta
434 1733 776 1814 principum
798 1732 1120 1806 imitantur,
1142 1739 1210 1792 ut
1227 1730 1294 1792 L.
1310 1730 1567 1805 Luculli,
1583 1731 1800 1792 summi
1813 1731 1940 1805 viri,
1962 1731 2239 1793 virtutem
2253 1728 2430 1813 quis?

262 1827 329 1878 'at
357 1836 535 1898 quam
563 1817 736 1880 multi
764 1818 1034 1886 villarum
1060 1816 1561 1895 magnificentiam
1589 1815 1875 1893 [imitatiJI
1908 1825 2159 1895 quarum
2190 1817 2430 1897 quidem

345 1990 388 2036 1.
444 1986 612 2049 enim,
650 1983 864 2039 freilich.
934 1984 1008 2037 Zu
1045 1999 1299 2051 erganzen
1401 1982 1701 2036 namenlose
1723 1984 1882 2035 Leute
1906 1982 2232 2050 gekommen,
2257 2000 2315 2037 so
2343 1984 2432 2037 der

271 2051 339 2104 ist
364 2051 448 2104 ein
472 2021 717 2104 Gedanke
741 2052 843 2104 wie
876 2069 975 2104 nec
998 2054 1060 2104 id
1080 2056 1298 2118 mirum,
1400 2050 1580 2104 Palast
1614 2051 1706 2103 des
1741 2049 2022 2118 Pompejus
2057 2068 2123 2105 an
2156 2052 2429 2119 Αιιιοιιίιιε,

271 2119 475 2173 worauf
507 2120 617 2172 sich
642 2120 733 2173 das
757 2121 1123 2188 begrundende
1157 2125 1299 2172 enim
1402 2120 1496 2173 auf
1526 2119 1627 2172 den
1663 2119 1764 2172 Cic.
1803 2119 1932 2172 Phil.
1970 2120 2011 2171 11
2047 2124 2265 2186 41,104
2310 2122 2433 2174 den·

270 2187 491 2240 bezieht.
1403 2189 1584 2241 selben
1598 2187 1728 2240 Vere
1747 2187 1890 2240 eines
1901 2188 2269 2242 unbekannten
2281 2190 2431 2242 Dich-

342 2259 390 2311 3.
427 2272 539 2308 non
572 2274 675 2309 sua
706 2257 896 2324 solum,
920 2229 971 2311 d.
989 2258 1023 2311 i.
1046 2260 1150 2311 mi.
1197 2256 1298 2310 Das
1400 2262 1507 2310 tei-s
1532 2256 1830 2310 anwendet:
1874 2273 1905 2308 o
1931 2261 2070 2310 tecta
2093 2263 2212 2325 ipsa
2234 2263 2433 2312 misera

273 2324 564 2377 Pronomen
616 2327 967 2392 possessivum
1019 2326 1153 2379 wird
1195 2327 1300 2379 bis-
1400 2342 1565 2392 quam
1583 2326 1795 2392 dispari
1812 2327 2065 2377 domino!
2101 2327 2434 2394 Quamquam

274 2392 463 2445 weilen
516 2393 647 2445 auch
700 2398 828 2446 statt
881 2394 973 2447 des
1020 2395 1301 2448 Genetivus
1398 2410 1510 2460 quo
1529 2394 1687 2446 modo
1705 2397 1809 2445 iste
1826 2395 2112 2445 dominus?
2146 2397 2241 2447 sed
2255 2402 2433 2448 tamen

277 2461 567 2513 obiectivus
585 2462 885 2527 gebraucht,
909 2478 969 2515 so
988 2462 1300 2515 namentlieh
1404 2478 1568 2528 quam
1603 2464 1669 2514 ab
1705 2462 1917 2527 dispari
1952 2466 2289 2518 tenebantur.
2341 2466 2434 2516 do-

274 2530 361 2581 bei
381 2531 570 2595 gratia
593 2529 697 2582 und
720 2533 882 2582 ratio.
936 2529 1015 2582 ad.
1043 2531 1161 2583 sam.
1185 2530 1303 2581 XVI
1402 2533 1612 2581 minari
1644 2530 1715 2581 ist
1749 2529 1862 2582 aleo
1895 2530 2007 2583 hier
2040 2531 2144 2582 wie
2179 2532 2316 2584 viele
2338 2532 2435 2584 De-

280 2600 360 2664 12,
378 2600 410 2650 3
445 2614 618 2663 neque
649 2615 706 2648 se
736 2602 849 2649 iam
882 2598 1014 2649 velle
1033 2602 1304 2650 rationem
1403 2598 1652 2666 ponentia
1702 2597 1757 2649 in
1810 2596 1900 2650 der
1955 2598 2153 2650 filteren
2207 2599 2433 2668 Sprache

276 2668 465 2718 haberi
506 2682 677 2717 mam.
749 2667 886 2720 Aber
930 2667 1061 2719 auch
1112 2667 1178 2719 de
1214 2666 1303 2719 off.
1404 2666 1694 2733 passivisch
1729 2665 2025 2731 gebraucht.

274 2734 337 2786 111
372 2734 405 2801 ὅ
425 2738 490 2787 70
525 2735 660 2797 fidas
694 2740 806 2788 tna.
853 2735 1057 2787 Ebenso
1093 2734 1303 2787 werden
1480 2737 1557 2787 16.
1603 2733 1667 2786 L.
1699 2734 1960 2785 Dueullus
2011 2735 2279 2788 zeichnete
2322 2736 2433 2788 sich

274 2802 547 2855 bisweilen
616 2803 803 2855 andere
871 2803 1143 2869 Adjectiva
1213 2817 1303 2870 ge-
1405 2803 1599 2854 ebenso
1669 2801 1829 2855 durch
1886 2803 2032 2855 seine
2101 2803 2434 2857 militarische

276 2870 516 2935 hraucht,
553 2886 603 2937 p.
641 2870 839 2924 Cluent.
878 2873 960 2937 28,
988 2876 1052 2924 77
1089 2873 1304 2923 invidia
1404 2869 1594 2922 Tiichti
1632 2870 1741 2923 keit
1788 2871 1860 2923 im
1901 2871 2095 2924 dritten
2130 2872 2437 2925 mithridati-

273 2942 566 2990 senatoria.
613 2938 766 2993 Tusc.
804 2940 871 2991 lv
909 2942 990 3007 33,
1016 2944 1076 2993 71
1116 2941 1304 2992 mlie-
1406 2939 1566 2991 sehen
1645 2939 1785 3006 riege
1819 2939 1902 2992 bis
1937 2942 2036 2993 688
2058 2942 2168 3004 (66)
2202 2941 2324 3005 (de
2307 2955 2417 3009 imp

277 3009 397 3059 bros
429 3023 652 3059 arnor-es.
1404 3006 1587 3075 Pomp.
1623 3010 1671 3073 8,
1709 3010 1797 3073 20)
1832 3007 1909 3059 als
1946 3008 2105 3061 durch
2128 3008 2301 3075 Milde,
2337 3010 2437 3063 Ge-

346 3079 395 3129 6.
431 3076 622 3141 Aliter,
647 3075 976 3142 andrenfalls,
1000 3081 1165 3141 sonst,
1200 3077 1302 3128 wie
1404 3075 1719 3143 rechtigkeit
1739 3075 1844 3129 und
1867 3076 2022 3129 LieDe
2045 3093 2111 3130 zu
2136 3076 2302 3130 Kunst
2329 3077 2434 3130 und

275 3142 318 3194 ll
350 3143 387 3211 ξ
421 3146 489 3196 42
530 3147 617 3195 ius
650 3160 856 3211 semper
888 3114 976 3196 est,
1002 3147 1305 3211 quaesitum
1406 3143 1787 3196 wissenschaft
1821 3159 1914 3197 aus
1949 3144 2126 3208 (Acad.
2144 3146 2187 3197 11
2207 3161 2253 3198 ι.
2274 3146 2394 3199 Ans.
2399 3150 2434 3206 ).

276 3212 570 3294 aequabile,
605 3228 778 3277 neque
811 3216 953 3264 enim
987 3214 1147 3265 auter
1172 3218 1305 3265 esset
1404 3211 1500 3264 Die
1541 3211 1850 3278 Ueppigkeit
1887 3212 2061 3264 seines
2094 3213 2295 3265 Lebens
2329 3213 2436 3266 und

277 3282 381 3331 im.
476 3280 576 3331 Der
632 3281 820 3333 zweite
878 3279 1001 3333 Satz
1062 3282 1193 3334 wird
1248 3282 1303 3334 in
1405 3279 1595 3332 Praeht
1629 3280 1798 3332 seiner
1831 3278 2030 3345 Villen,
2065 3280 2434 3349 derentwegen

276 3347 488 3399 freierer
522 3346 697 3399 Weise
737 3347 854 3400 dem
889 3348 1304 3403 Zwischensatze
1406 3364 1463 3400 er
1487 3348 1618 3402 auch
1644 3347 1707 3399 de
1730 3346 1832 3414 leg.
1856 3347 1920 3399 111
1950 3351 2030 3415 13,
2049 3352 2114 3403 30
2149 3349 2257 3402 und
2273 3350 2434 3404 Varro

278 3415 372 3468 des
440 3415 895 3481 vorhergehenden
955 3415 1174 3484 Kolone,
1244 3421 1306 3469 in
1404 3434 1447 3468 r.
1464 3421 1590 3469 rust.
1609 3415 1631 3468 1
1660 3418 1721 3469 13
1740 3417 1884 3481 (cum
1900 3416 2101 3468 Metelh'
2127 3434 2196 3470 ae
2217 3419 2438 3471 Luculli
2503 3428 2506 3431 '

278 3499 442 3550 quam
488 3489 540 3535 et
580 3486 813 3550 hospites
846 3489 973 3550 cet„
1026 3491 1307 3553 entgegen-
1404 3485 1551 3536 vitus
1594 3487 1822 3551 pessimo
1866 3486 2083 3552 publiea
2135 3488 2438 3551 aedificatis

279 3557 481 3619 gesetzt
513 3552 620 3605 und
654 3552 817 3603 aliter
848 3552 1009 3605 durch
1051 3557 1102 3605 si
1135 3560 1217 3606 oct
1244 3557 1306 3605 in
1408 3554 1692 3619 certant)g
1693 3552 1887 3606 etadelt
1906 3554 2059 3620 wird,
2099 3570 2208 3607 war
2226 3557 2438 3623 spriich-

282 3637 345 3672 ea
379 3621 611 3672 solitudo
648 3619 855 3673 erklart.
1412 3622 1676 3674 wssrtlich:
1712 3620 1776 3673 de
1801 3620 1890 3674 fin.
1906 3622 1949 3673 11
1975 3625 2057 3687 33,
2079 3626 2175 3676 107
2199 3627 2437 3691 signum,

357 3692 435 3741 12.
471 3693 531 3740 in
563 3689 775 3755 multae,
810 3704 851 3741 ε.
889 3705 933 3741 z.
970 3689 1005 3757 ἦ
1023 3691 1106 3744 28.
1141 3688 1309 3742 Durch
1411 3690 1622 3756 tabula,
1674 3690 1823 3741 laem
1857 3706 2134 3757 amoenus,
2171 3692 2317 3758 Ικιαι,
2351 3709 2436 3744 ve-

283 3755 420 3809 Kauf
465 3756 587 3810 oder
632 3756 948 3824 Schenkung
992 3772 1097 3810 von
1133 3756 1310 3810 Seiten
1410 3762 1580 3825 natio,
1608 3757 1741 3809 villa
1758 3759 2033 3811 Luculli—
2058 3776 2123 3811 ea
2152 3776 2290 3826 quae
2315 3761 2439 3813 αιζυι·

282 3824 494 3878 Gaesars
512 3839 685 3878 waren
707 3825 845 3879 viele
862 3824 1086 3892 Palaste,
1111 3826 1309 3879 welche
1410 3827 1486 3878 ad
1517 3842 1780 3893 eor-pumex
1809 3826 2017 3889 refers?

282 3893 374 3945 der
390 3893 528 3958 Jetzt
549 3893 817 3961 besiegten
848 3865 1101 3948 Nobilitii’t
1125 3895 1310 3962 gehort
1485 3897 1562 3947 17.
1599 3896 1816 3950 anitati.
1854 3895 1998 3948 Naeh
2025 3897 2133 3951 Gic.
2153 3896 2190 3948 S
2192 3899 2439 3965 praehge-

283 3960 464 4014 hatten
478 4001 493 4028 ,
530 3976 594 4013 an
628 3962 905 4031 Anhanger
938 3964 1151 4017 Caesare
1185 3963 1310 4017 oder
1411 3964 1606 4017 braueh
1640 3961 1838 4016 konnte
1881 3970 2012 4017 sunt
2053 3965 2209 4018 kaum
2246 3966 2435 4019 fehlen.
