2813 4537
183 1227 241 1282 10

188 1653 246 1704 15

916 276 1003 329 DE
1038 275 1299 331 OFFlGlIS
1336 278 1454 335 LIB.
1474 278 1530 333 11.
1603 277 1810 334 GAP.2.
2310 275 2431 337 125

284 458 373 511 est
401 466 612 529 parum
644 448 1014 512 considerate
1042 449 1418 530 loquentium
1461 458 1638 531 atque
1683 451 1743 513 in
1790 447 2080 515 maxumis
2121 452 2300 516 rebus
2344 472 2438 516 er-

283 534 560 596 rantium.
635 534 699 595 Si
729 545 925 596 autem
956 543 1046 596 est
1074 535 1267 616 aliqua
1298 535 1613 616 disciplina
1641 536 1895 608 virtutis,
1940 537 2043 599 ubi
2086 557 2154 600 ea
2190 545 2437 620 quaere-

287 630 401 694 tur,
448 637 584 681 cum
614 619 688 681 ah
718 619 834 681 hoc
864 619 1127 682 discendi
1158 638 1376 700 genere
1416 619 1797 683 discesseris?
1843 623 1959 685 Sed
1988 623 2153 699 haec,
2197 642 2333 686 cum
2364 625 2437 686 ad

285 705 721 786 philosophiam
752 706 1152 781 cohortamur,
1183 705 1517 768 accuratius
1544 706 1830 788 disputari
1861 708 2074 782 solent,
2121 711 2279 790 quod
2321 709 2435 772 alio

284 790 539 871 quodam
568 789 720 852 libro
751 790 1014 853 fecimus.
1082 790 1212 854 Hoc
1241 798 1437 853 autem
1464 799 1735 872 tempore
1763 801 1990 855 tantum
2029 793 2203 856 nobis
2244 795 2438 857 decla-

284 876 537 938 randum
567 875 698 949 suit,
743 894 851 938 cur
893 875 1082 937 orbati
1124 876 1211 938 rei
1246 874 1520 957 publicae
1548 877 1896 940 muneribus
1925 879 1998 941 ad
2029 881 2144 941 hoc
2177 898 2288 941 nos
2315 888 2437 942 stu-

286 960 448 1022 dium
478 960 855 1042 potissimum
885 961 1362 1024 contulissemus
2004 983 2009 988 ·

459 1044 809 1108 Occurritur
837 1055 1034 1109 autem
1066 1046 1259 1120 nohis,
1290 1055 1352 1107 et
1382 1046 1621 1127 quidem
1643 1066 1676 1109 a
1698 1048 1888 1110 doctis
1913 1056 1972 1109 et
1994 1050 2239 1111 eruditis
2261 1069 2440 1130 quae-

285 1130 560 1192 rentibus
601 1131 820 1193 satisne
864 1140 1208 1195 constanter
1252 1132 1446 1195 facere
1474 1132 1807 1208 videamur,
1851 1133 1989 1214 qui,
2035 1152 2170 1196 cum
2214 1135 2441 1217 percipi

286 1216 435 1278 nihil
480 1234 657 1297 posse
700 1216 984 1293 dicamus,
1026 1226 1225 1280 tamen
1271 1225 1332 1278 et
1362 1217 1494 1279 aliis
1523 1218 1595 1279 de
1622 1218 1802 1280 rebus
1829 1219 2121 1281 disserere
2149 1219 2444 1283 soleamus

289 1311 347 1363 et
375 1303 490 1363 hoc
520 1301 651 1382 ipso
684 1309 954 1383 tempore
984 1311 1297 1384 praecepta
1328 1302 1510 1364 officii
1538 1321 1983 1384 persequamur.
2057 1302 2286 1375 Quibus
2321 1305 2444 1367 vel-

287 1386 406 1448 lem
425 1386 567 1448 satis
584 1388 827 1466 cognita
851 1395 1007 1450 esset
1030 1397 1232 1450 nostra
1254 1387 1583 1450 sententia!
1627 1388 1762 1449 Non
1792 1383 1949 1449 enim
1974 1407 2179 1451 sumus
2200 1390 2263 1466 ii,
2295 1410 2444 1472 quo-

287 1490 420 1534 rum
463 1479 708 1550 vagetur
749 1473 982 1535 animus
1028 1492 1230 1535 errore
1275 1491 1387 1535 nec
1417 1471 1632 1535 habeat
1660 1492 1940 1554 umquam
1972 1474 2113 1555 quid
2141 1484 2443 1556 sequatur.

289 1556 451 1627 Quae
482 1556 642 1618 enim
673 1566 827 1620 esset
854 1558 962 1620 ista
991 1577 1161 1620 mens
1197 1557 1287 1619 vel
1333 1575 1486 1639 quae
1528 1558 1643 1620 vita
1689 1560 1891 1640 potius
1936 1578 2057 1621 non
2102 1562 2280 1622 modo
2325 1562 2446 1622 dis-

288 1642 554 1723 putandi,
585 1642 688 1708 sed
720 1642 895 1704 etiam
927 1643 1154 1705 vivendi
1183 1643 1414 1705 ratione
1443 1642 1671 1705 sublata
1690 1641 1721 1705 ‘t
1771 1643 1893 1706 Nos
1921 1655 2138 1720 autem,
2167 1655 2236 1707 ut
2265 1647 2445 1709 ceteri

288 1727 400 1789 alia
423 1735 602 1801 certa,
631 1726 995 1789 aliaincerta
1017 1746 1145 1790 esse
1167 1728 1393 1802 dicunt,
1418 1728 1505 1789 sic
1522 1727 1594 1789 ab
1621 1728 1713 1789 his
1737 1728 2152 1792 dissentientes
2173 1730 2284 1792 alia
2305 1750 2445 1812 pro-

290 1914 429 1963 lianc
451 1915 628 1962 artem
654 1913 891 1962 omnium
914 1913 1119 1963 artium
1138 1914 1319 1963 maxi-

288 1995 430 2032 mam
447 1979 522 2030 ad
537 1995 617 2045 ea,
648 1994 784 2044 quae
803 1977 1027 2040 confuse
1044 1982 1109 2031 ab
1129 1979 1254 2030 aliis
1275 2009 1317 2017 —

290 2049 607 2115 agebantur.
657 2047 758 2101 Cic.
797 2046 989 2100 erklart
1025 2047 1133 2100 sich
1157 2047 1318 2099 damit

291 2131 457 2184 gegen
476 2114 558 2167 die
572 2155 585 2182 ,
619 2114 819 2167 welche
836 2115 889 2167 in
911 2115 1001 2167 der
1024 2116 1319 2184 systemati-

290 2186 448 2237 schen
483 2183 836 2249 griechischen
863 2182 1198 2251 philosophie
1234 2184 1318 2237 ein

290 2256 546 2307 unm'itzes
569 2251 767 2306 Gerede
802 2252 962 2305 sehen
998 2252 1105 2306 und
1175 2252 1321 2307 laub-

293 2326 405 2386 ten‚
436 2320 518 2371 die
550 2320 783 2373 einfache
806 2319 969 2374 Moral
1001 2321 1092 2374 der
1158 2321 1319 2374 orzeit

291 2388 399 2441 und
434 2388 523 2440 der
561 2387 788 2455 gesunde
818 2387 1077 2440 Verstand
1111 2390 1197 2441 bei
1232 2389 1321 2442 der

290 2455 665 2523 Beurtheilung
711 2455 801 2508 der
836 2456 977 2508 Fine
1020 2462 1222 2524 genuge
1257 2473 1320 2510 zu

1425 1910 1642 1976 theilen,
1677 1911 1950 1978 iudicare,
1987 1912 2295 1980 affirmare,
2343 1915 2447 1967 und

1422 1978 1512 2031 der
1561 1977 1805 2036 Methode
1858 1979 1947 2032 der
1998 1980 2301 2048 Skeptiker‚
2366 1983 2449 2036 die

1420 2047 1516 2100 mit
1573 2046 1957 2101 Zuruckhaltun
2065 2050 2200 2102 ihrer
2263 2050 2449 2117 eignen

1421 2113 1667 2182 Meinung
1703 2115 1786 2167 die
1811 2114 1950 2168 Griin
1986 2131 2014 2168 e
2053 2117 2133 2170 fin·
2161 2117 2265 2171 und
2288 2119 2451 2171 wider

1423 2183 1537 2236 eine
1586 2182 1752 2235 Sache
1800 2183 2051 2251 abwiigen
2067 2225 2081 2251 ,
2134 2186 2449 2254 disceptare.

1423 2252 1487 2305 de
1527 2256 1631 2305 nat.
1670 2251 1811 2307 deor.
1848 2252 1909 2305 111
1945 2256 2039 2320 40,
2077 2256 2141 2308 95
2191 2271 2289 2322 ego
2325 2273 2450 2309 vero

1425 2338 1505 2386 ea,
1542 2337 1680 2387 quae
1715 2322 2012 2388 difflutavi,
2050 2324 2308 2375 disserere
2341 2341 2453 2377 ma-

1427 2390 1507 2441 lui
1531 2405 1691 2454 quam
1714 2389 1976 2442 iudicare.
2029 2390 2095 2442 ad
2118 2391 2242 2446 fam.
2268 2391 2328 2444 111
2353 2396 2401 2460 8,
2419 2397 2449 2446 5

1427 2458 1804 2523 disputabant,
1851 2473 1949 2523 ego
1998 2463 2189 2511 contra
2233 2461 2454 2513 dissere-

295 2525 462 2578 einem
499 2523 871 2592 tugendhaften
904 2524 1091 2577 Leben.

362 2597 411 2646 4.
449 2593 561 2644 alio
592 2593 825 2658 quodam
853 2591 1020 2643 libro}
1057 2591 1137 2644 de.
1158 2592 1262 2646 div,
1283 2592 1323 2645 11

305 2666 345 2726 l,
386 2665 408 2714 1
448 2677 576 2713 nam
611 2665 664 2711 et
698 2663 971 2712 cohortati
1003 2675 1213 2726 sumus,
1260 2665 1325 2712 ut

294 2732 534 2797 maxime
546 2732 837 2796 potuimus,
863 2728 938 2780 ad
943 2728 1324 2795 philosophiae

293 2799 537 2849 studium
551 2812 613 2848 eo
633 2797 793 2862 libro,
820 2800 916 2863 qui
934 2801 1014 2851 est
1030 2799 1325 2864 inscriptus

296 2866 630 2917 Hortensius.
697 2864 849 2917 Diese
884 2879 989 2917 von
1034 2864 1133 2917 den
1167 2865 1324 2917 Alten

298 2934 416 2986 sehr
440 2933 649 3001 gelobte
680 2932 874 2986 Schrift
897 2933 967 2985 ist
990 2932 1324 2987 bekanntlich

297 3003 532 3055 verloren
551 3015 834 3069 gegangen.
886 3000 973 3053 Sie
993 3001 1162 3057 suhrte
1178 3001 1326 3054 ihren

298 3071 494 3123 Namen
529 3086 633 3124 von
658 3070 773 3123 dem
798 3069 1001 3122 Redner
1026 3068 1086 3131 Q.
1110 3069 1326 3124 Horten-

299 3138 406 3192 sius
417 3138 499 3205 (lll
511 3139 542 3204 ξ
556 3143 583 3190 7
591 3141 660 3206 3),
683 3139 799 3191 dem
819 3139 895 3192 sie
908 3137 1187 3204 gewidmet
1200 3154 1323 3191 war.

368 3211 416 3260 6.
473 3207 796 3258 Occurritur
830 3208 1010 3259 autem
1045 3209 1232 3259 nobie.-
1286 3223 1326 3260 S.

300 3273 428 3326 iiber
463 3271 641 3325 diesen
674 3274 928 3327 Einwand
962 3274 1090 3327 Einl.
1129 3274 1162 3342 5
1188 3278 1236 3328 8.

372 3344 420 3395 9.
460 3344 744 3408 percipere
787 3342 858 3395 ist
892 3342 1166 3395 stehender
1199 3343 1332 3396 Aus-

303 3408 464 3463 druck
489 3409 572 3461 fur
595 3408 876 3461 ‘bestimmt
900 3408 1175 3465 erkennen‘
1207 3428 1330 3479 per-

303 3481 505 3545 ceptio,
542 3492 658 3529 com
694 3479 939 3531 relzeneio
951 3515 967 3543 ,
1013 3471 1329 3549 κατάληψις,

206 3572 212 3576 ·
302 3546 395 3599 das
443 3546 573 3598 fiber
626 3561 654 3598 a
678 3545 762 3597 len
810 3545 1025 3598 Zweisel
1078 3547 1331 3601 erhabene

304 3614 590 3669 Erkennen.
655 3613 813 3671 Acad.
846 3613 890 3665 11
925 3617 974 3681 8,
994 3616 1060 3667 23
1096 3619 1333 3668 maoeime

307 3698 433 3734 vero
456 3685 723 3734 virtutum
749 3686 991 3748 cognitio
1028 3683 1332 3750 confirmat,

298 3753 515 3818 percipi
524 3755 580 3802 et
589 3750 968 3818 comprehendi
983 3751 1156 3803 multa
1159 3768 1332 3818 posse.

306 3848 376 3857 —-
422 3819 680 3870 disserere
712 3845 780 3867 ε-
815 3819 956 3872 scine
992 3819 1175 3886 eigene
1207 3819 1334 3873 Mei-

307 3902 458 3954 nung
483 3889 653 3939 vortra
692 3903 786 3940 en:
835 3887 945 3941 dies
981 3889 1121 3941 steht
1155 3889 1207 3941 in
1244 3889 1334 3942 der

307 3955 456 4009 Mitte
503 3954 662 4007 zwisc
699 3971 764 4009 en
808 3956 1139 4010 entschieden
1184 3958 1333 4011 abur-

1428 2528 1576 2589 bam3
1613 2525 1886 2590 dicebant,
1920 2541 2020 2590 ego
2054 2530 2332 2593 negabam.

1502 2595 1580 2646 13.
1616 2597 1848 2658 vagetur
1882 2597 2095 2645 animus
2118 2612 2329 2649 errore:
2364 2596 2455 2649 der

1429 2660 1716 2727 Gegensatz
1730 2660 1800 2713 ist
1819 2661 2015 2713 habere
2031 2664 2166 2727 quid
2178 2669 2455 2730 sequatur,

1429 2728 1512 2782 ein
1536 2727 1743 2795 Princip
1768 2727 1960 2781 haben:
1998 2746 2155 2783 error
2182 2732 2253 2785 ist
2275 2732 2453 2786 darum

1429 2796 1573 2848 nicht
1606 2795 1849 2861 lrrthum‚
1899 2798 2122 2851 sondern
2157 2798 2455 2867 Ungewiss-

1428 2865 1562 2930 hest,
1599 2863 2069 2920 Unbestimmtheit.

1502 2937 1579 2986 14.
1631 2949 1802 2999 mene,
1854 2934 2135 3001 eigentlich
2169 2935 2258 2989 die
2285 2935 2457 2990 Deuk-

1429 3001 1584 3068 kraft,
1615 3001 1726 3054 hier
1743 3001 1844 3055 wie
1862 3007 2007 3054 ratio
2028 3003 2113 3056 die
2131 3004 2453 3058 Denkweise.

1502 3074 1582 3124 15.
1604 3071 1820 3121 vivendi
1832 3075 2049 3123 ratione
2058 3073 2286 3139 metata,
2304 3088 2453 3126 wenn

1430 3138 1523 3191 das
1541 3137 1747 3205 Princip
1766 3138 1837 3190 im
1849 3138 2019 3191 Leben
2036 3139 2283 3206 beseitigt
2301 3143 2455 3195 w'aire.

1430 3206 1538 3273 vgl.
1575 3205 1639 3258 de
1675 3205 1764 3260 fin.
1801 3205 1847 3256 V
1883 3209 1932 3271 6,
1973 3211 2035 3260 15
2068 3223 2335 3260 summum
2370 3211 2459 3260 bo·

1430 3290 1561 3325 num
1593 3277 1643 3325 si
1674 3278 1987 3339 ignoretur,
2038 3277 2317 3329 vivendi
2348 3293 2460 3328 ra-

1434 3346 1686 3393 tionem
1721 3345 1977 3408 ignorari
2008 3359 2216 3396 necesse
2250 3350 2342 3411 est,
2389 3362 2459 3397 ex

1433 3426 1537 3477 quo
1566 3415 1747 3462 tantus
1769 3427 1928 3463 error
1943 3409 2311 3479 (Schwenken)
2337 3430 2461 3466 con-

1432 3482 1704 3545 sequitur,
1745 3483 1816 3537 ,ut
1850 3495 2005 3545 quem
2050 3484 2111 3532 in
2154 3487 2372 3550 portum
2405 3498 2461 3532 ee

1432 3550 1707 3614 recipiant
1716 3550 1858 3599 scire
1874 3564 1984 3601 non
1999 3553 2226 3615 possint.
2268 3550 2460 3616 Cogni-

1436 3618 1502 3668 tis
1537 3621 1715 3668 autem
1758 3632 1945 3668 rerum
1990 3617 2190 3680 finibus
2240 3621 2460 3670 inventa

1434 3687 1580 3736 vitae
1613 3688 1703 3736 via
1737 3688 1831 3738 eet.

1501 3768 1599 3804 nos
1635 3757 1848 3805 autem.-
1899 3752 1990 3806 das
2045 3755 2114 3808 ist
2167 3754 2290 3808 aber
2323 3754 2460 3807 mein

1432 3820 1544 3873 Fall
1580 3821 1746 3888 nicht,
1796 3821 2019 3874 sondern
2066 3823 2170 3890 vgl.
2217 3823 2460 3891 Niigelsb.

1433 3888 1521 3941 lat.
1561 3886 1637 3941 St.
1673 3905 1723 3957 p.
1762 3892 1877 3943 547.

1511 3959 1586 4013 16.
1619 3958 1945 4024 probabilia.
2000 3957 2051 4012 S.
2089 3958 2220 4012 Einl.
2256 3959 2357 4027 §7.
