2813 4537
427 276 512 337 52

1057 278 1142 331 DE
1178 275 1440 330 OFFIGIIS
1475 275 1647 331 LIBJ.
1721 274 1966 329 CAP.11.

431 451 648 533 quibus
678 450 954 513 iniuriam
983 449 1301 531 acceperis.
1367 448 1478 510 Est
1504 449 1662 510 enim
1695 447 2015 510 ulciscendi
2045 455 2105 509 et
2135 447 2423 529 puniendi
2453 467 2587 509 mo·

431 539 564 612 duS‚
606 544 783 618 atque
823 536 991 598 haud·
1023 534 1146 597 seio
1188 554 1264 597 an
1315 535 1455 597 satis
1498 534 1574 596 sit
1618 553 1773 610 eum,
1817 534 1921 614 qui
1963 533 2305 609 lacessierit,
2333 533 2584 596 iniuriae

433 640 573 685 suae
615 621 938 703 paenitere,
982 631 1050 684 ut
1091 628 1152 683 et
1194 621 1323 702 ipse
1362 638 1443 681 ne
1473 618 1614 700 quid
1645 618 1759 682 tale
1786 621 2037 701 posthae
2064 627 2122 682 et
2153 619 2333 682 ceteri
2362 619 2481 683 sint
2510 620 2584 681 ad

435 794 562 856 iura
590 791 749 855 belli.

327 721 389 770 34
431 706 707 770 iniuriam
735 707 1041 770 tardiores.
1087 707 1282 786 Atque
1310 705 1374 767 in
1396 724 1465 768 re
1486 703 1723 787 publiea
1743 705 1996 766 maxime
2019 705 2419 767 conservanda
2440 713 2583 768 sunt

836 792 986 855 Nam
1014 810 1152 854 enm
1180 790 1302 854 sint
1331 791 1451 853 duo
1482 809 1699 871 genera
1728 789 2087 866 decertandi,
2116 806 2305 852 unum
2331 809 2441 870 per
2467 790 2589 853 dis·
2631 802 2665 850 5

435 879 848 960 ceptationem‚
890 875 1139 940 alterum
1181 895 1291 959 per
1317 876 1457 951 vim,
1487 894 1741 958 eumque
1770 875 1916 938 illud
1945 875 2256 957 proprium
2285 875 2362 938 sit
2390 876 2586 938 homi·

436 964 551 1039 nis,
579 965 696 1026 hoc
725 963 1051 1042 beluarum,
1083 961 1547 1042 confugiendum
1571 969 1660 1024 est
1680 961 1753 1024 ad
1774 960 2091 1043 posterius,
2121 960 2173 1023 si
2192 961 2280 1023 uti
2302 978 2424 1023 non
2447 961 2588 1024 lieet

436 1049 764 1131 superiore.
809 1047 938 1120 Qua
965 1067 1033 1110 re
1061 1047 1439 1129 suscipienda
1457 1047 1704 1128 ‘quidem
1734 1046 1888 1108 bella
1912 1054 2054 1109 sunt
2074 1045 2150 1108 ob
2175 1065 2304 1108 eam
2327 1065 2585 1120 oausam,

436 1144 506 1197 ut
531 1135 662 1196 sine
690 1133 907 1196 iniuria
949 1133 1011 1196 in
1057 1152 1204 1216 paee
1230 1133 1474 1209 vivatur,
1505 1141 1672 1214 parta
1699 1140 1900 1195 autem
1927 1131 2169 1195 victoria
2199 1132 2585 1195 conservandi

437 1220 499 1295 ii,
549 1220 650 1300 qui
693 1237 813 1281 non
857 1219 1125 1282 crudeles
1162 1219 1226 1281 in
1267 1218 1446 1294 hello,
1489 1237 1613 1280 non
1645 1219 1917 1280 inmanes
1943 1217 2207 1294 fuerunt,
2237 1225 2305 1279 ut
2330 1217 2588 1281 maiores
2630 1227 2693 1278 10

438 1304 627 1367 nostri
656 1303 1046 1381 TusculanoS,
1077 1306 1337 1386 Aequos,
1365 1303 1631 1380 VolseoS‚
1664 1303 1935 1378 Sabinos,
1967 1302 2261 1365 Hernicos
2289 1302 2352 1365 in
2384 1303 2585 1366 eivita-

437 1398 559 1452 tem
599 1390 773 1452 etiam
815 1398 1205 1472 acceperunt,
1247 1398 1306 1452 at
1349 1389 1770 1470 Karthaginem
1813 1398 1873 1452 et
1900 1388 2275 1451 Numantiam
2319 1388 2586 1452 funditus

437 1475 839 1541 sustulerunt:
886 1475 1105 1539 nollem
1148 1474 1532 1551 Corinthum,
1574 1476 1676 1537 sed
1722 1475 1898 1537 eredo
1928 1473 2149 1555 aliquid
2177 1481 2446 1550 secutos,
2477 1493 2587 1556 op-

388 1640 395 1645 '
440 1643 646 1709 nothigt
669 1642 772 1695 Cic.
810 1643 967 1696 naher
996 1643 1313 1710 anzugeben‚
1349 1657 1463 1696 was

440 1711 538 1764 wir
560 1725 727 1778 gegen
752 1710 834 1763 die
852 1727 915 1764 zu
932 1710 1258 1764 beobaehten
1274 1711 1462 1776 haben,

440 1795 543 1832 von
581 1778 747 1832 denen
782 1779 878 1831 wir
912 1784 1086 1845 zuerst
1121 1778 1348 1832 Unreeht
1387 1794 1465 1831 er·

440 1847 593 1900 litten
639 1847 823 1900 haben.
893 1847 961 1899 Er
1007 1847 1202 1915 spricht
1246 1847 1462 1901 deshalb

446 1919 495 1982 1)
510 1931 615 1968 von
634 1915 725 1968 der
740 1914 1122 1982 Bereohtigung
1139 1916 1289 1968 einen
1307 1915 1464 1982 Krieg

441 2000 508 2036 zu
523 1984 783 2049 heginnen
800 1982 905 2036 und
923 1983 1013 2036 der
1023 1982 1364 2051 Behandlnng
1375 1984 1466 2036 der

441 2050 632 2103 Feinde
678 2050 749 2103 im
792 2050 1150 2117 Allgemeinen
1267 2055 1464 2105 33-38.

442 2120 497 2184 2)
533 2135 638 2171 von
659 2119 760 2171 den
784 2118 1039 2172 Pssiehten
1071 2119 1163 2172 der
1231 2119 1467 2173 inzelnen

441 2201 612 2254 gegen
647 2186 747 2239 den
781 2185 940 2240 Feind
976 2187 1011 2254 ς
1034 2189 1230 2241 39-41.

514 2258 563 2309 2.
599 2260 761 2322 alque
784 2255 933 2308 haud
952 2259 1063 2309 seio
1099 2273 1172 2310 an
1197 2261 1295 2311 eet.
1341 2256 1469 2309 Dem

445 2324 744 2390 Folgenden
788 2324 991 2378 scheint
1035 2324 1126 2377 der
1169 2324 1307 2378 Auss
1344 2326 1472 2378 ruch

446 2392 581 2446 Plat.
627 2392 781 2458 Gorg.
830 2393 976 2446 5251>
1030 2409 1095 2446 zu
1146 2393 1288 2447 Grun
1324 2409 1353 2446 e
1405 2409 1471 2446 zu

447 2462 643 2528 liegen:
691 2456 949 2545 προσῆκει
984 2455 1046 2513 δὲ
1080 2465 1256 2515 παντὶ
1290 2461 1373 2528 τῷ
1411 2463 1474 2514 ἐν

445 2533 688 2598 τιμωρίᾳ
729 2546 879 2593 orta,
931 2523 1032 2581 ὑπ’
1073 2526 1236 2582 ἄλλον
1280 2525 1473 2602 ὀρθῶς

447 2599 856 2719 τιρξωέοἴμένέ,
874 2591 908 2663 ἢ
919 2594 1161 2680 ,Baition
1170 2603 1233 2682 y'l
1263 2596 1471 2651 νεσθαι

445 2685 562 2815 {332
592 2680 790 2787 2122?ss
800 2683 1472 2819 72‘7‘5..⁷5a}f?‘5..5‘⁷i‘2⁰i'51

447 2816 685 2872 ορωντες
736 2814 1022 2864 πασχοντα
1068 2822 1105 2854 α
1153 2822 1225 2855 αν
1269 2819 1472 2875 πασχῃ,

448 2863 781 2938 φοβούμενοι
814 2864 1057 2935 βελτίους
1125 2875 1411 2941 ίγνωνται.

519 2940 566 2990 3.
592 2953 660 2987 ne
679 2937 811 3002 quid
825 2936 932 2989 tale
939 2953 1043 3004 poe
1103 2954 1194 2990 ae.-
1219 2939 1333 2991 eine
1346 2939 1476 2992 hau·

448 3004 553 3072 fige
570 3003 766 3071 Ellipse
800 3020 904 3058 von
939 3003 1118 3065 faeiat
1149 3007 1280 3059 nach
1305 3008 1475 3064 einem

449 3071 778 3128 Adverbium.
839 3071 873 3139 ξ
893 3074 958 3126 82
993 3090 1062 3126 ne
1096 3076 1233 3142 quid
1264 3081 1474 3127 temere.

520 3146 569 3196 5.
595 3158 701 3209 per
734 3141 1209 3208 disceptationem.-
1244 3145 1372 3197 dise.
1405 3143 1480 3195 ist

452 3210 543 3263 der
578 3208 889 3277 eigentliehe
923 3209 1194 3265 Ansdruek
1239 3228 1345 3265 von
1386 3209 1477 3263 der

449 3277 743 3344 Darlegung
800 3277 891 3330 der
941 3277 1147 3333 Griinde
1204 3297 1297 3334 zur
1357 3279 1478 3331 Ent-

452 3345 735 3411 scheidung
789 3346 931 3398 eines
977 3348 1245 3415 streitigen
1291 3348 1477 3401 Falles,

453 3414 488 3481 ᾗ
524 3417 605 3468 50.
655 3429 749 3480 pro
784 3413 960 3466 Plane.
996 3418 1086 3481 36,
1124 3419 1185 3470 87
1232 3418 1328 3469 sed
1362 3419 1482 3468 erat

449 3498 564 3535 non
587 3485 725 3544 iure,
760 3497 871 3533 non
897 3482 1117 3550 legibus,
1144 3500 1254 3536 non
1277 3485 1480 3551 discep-

455 3551 621 3603 tando
657 3550 1040 3603 decertandum
1073 3580 1115 3591 —
1151 3557 1320 3605 armis
1366 3551 1483 3613 fuit

452 3618 836 3672 dimicandum.

526 3691 606 3741 11.
649 3686 995 3753 Tusculanos,
1030 3689 1131 3742 373
1166 3691 1323 3754 (381).
1371 3689 1480 3742 Liv.

400 3779 403 3782 ·
454 3753 522 3807 Vl
557 3758 639 3810 26.
681 3754 793 3806 VIII
831 3759 909 3809 14.

522 3825 763 3890 Aequos.-
820 3822 928 3877 Liv.
971 3823 1041 3876 IX
1087 3827 1154 3878 45
1203 3840 1372 3877 unum
1427 3830 1482 3876 et

456 3895 692 3957 triginta
717 3891 918 3957 oppida
943 3922 985 3930 -
1011 3894 1372 3960 oppugnando
1399 3909 1481 3945 ee-

448 3965 680 4027 perunt,
727 3975 957 4026 quorum
1000 3961 1259 4028 pleraque
1293 3963 1481 4015 diruta

1563 1648 1724 1709 atque
1759 1646 2003 1708 incensa,
2048 1656 2345 1707 nomenque
2378 1639 2591 1708 Aequo-

1563 1727 1694 1832 5353
1717 1727 1887 1832 ¹⁰53.ss
1903 1710 2590 1857 §samagam

1565 1847 1723 1900 Reste
1769 1845 1884 1900 sind
1930 1847 2041 1899 also
2091 1845 2221 1898 nach
2256 1845 2359 1899 Cle.
2409 1861 2462 1897 m
2497 1845 2591 1899 das

1565 1915 1907 1982 Bfirgerreoht
1941 1913 2338 1981 aufgenommen
2360 1913 2590 1967 worden.

1637 1984 1879 2050 Volscos,
1925 1983 2171 2036 Sabinae.
2237 1982 2332 2034 Die
2376 1981 2594 2036 Sabiner

1571 2052 1820 2106 erhielten
1850 2055 1952 2106 464
1982 2052 2124 2117 (290)
2156 2067 2260 2103 von
2289 2045 2376 2104 Μ’.
2412 2050 2593 2104 Curius

1569 2121 1774 2187 besiegt
1802 2119 2004 2185 (Vellei.
2023 2118 2134 2172 Pat.
2160 2118 2180 2171 1
2213 2122 2287 2184 14,
2307 2120 2377 2186 6),
2411 2118 2595 2171 Theile

1572 2188 1663 2241 der
1678 2187 1916 2255 Volsker‚
1938 2188 2040 2240 wie
2061 2187 2144 2240 die
2161 2186 2206 2238 A
2269 2187 2467 2252 inaten,
2492 2191 2591 2241 451

1572 2259 1714 2324 (303)
1749 2257 1880 2310 nach
1915 2256 2022 2310 Liv.
2057 2255 2102 2307 X
2144 2259 2166 2309 1
2249 2272 2305 2309 as
2339 2255 2597 2309 romische

1573 2325 2071 2379 Unterthanenrecht
2088 2326 2301 2390 (civitas
2331 2328 2450 2376 sine
2482 2324 2599 2386 suf-

1572 2394 1797 2461 fragio).
1831 2393 1935 2447 Das
1969 2393 2309 2460 Bfirgerrecht
2345 2393 2599 2447 erhielten

1572 2463 1656 2515 die
1692 2461 1912 2515 Sabiner
1944 2465 2047 2516 486
2069 2463 2230 2528 (268),
2266 2461 2349 2514 die
2381 2461 2602 2529 Arpine-

1573 2535 1662 2585 ten
1696 2534 1797 2585 566
1832 2532 1991 2596 (188).

1640 2600 1928 2651 Hernicos.-
1949 2598 2057 2651 Liv,
2073 2597 2140 2651 IX
2153 2602 2218 2652 43
2238 2599 2602 2650 Hernicorum

1573 2670 1748 2720 tribue
1779 2667 1995 2735 populis
2030 2696 2073 2705 -
2109 2670 2240 2734 quia
2287 2666 2603 2720 maluerunt

1572 2752 1734 2803 quam
1748 2740 2037 2802 civitatem,
2045 2751 2175 2787 suae
2189 2736 2329 2800 leges
2338 2735 2601 2789 redditae.

1571 2806 1881 2870 Anagninis
1916 2808 2116 2870 quique
2155 2818 2310 2855 arma
2343 2803 2603 2856 Romanis

1572 2873 1876 2925 intulerant
1933 2876 2123 2924 civitas
2170 2875 2289 2923 eine
2340 2873 2605 2939 suffragii

1578 2941 1781 2992 latione
1816 2941 1976 2992 data:
2010 2940 2081 2992 im
2115 2938 2269 2992 Jahre
2305 2943 2406 2994 448
2440 2943 2603 3008 (306).

1650 3011 1727 3063 13.
1750 3008 1965 3074 aliquid
1989 3011 2213 3074 secutos,
2231 3007 2351 3062 dass
2362 3007 2438 3060 sie
2452 3009 2605 3062 einen

1575 3076 1867 3129 besondern
1904 3075 2078 3129 Grund
2124 3076 2319 3129 hatten.
2391 3076 2606 3143 aliquid

1579 3145 1721 3197 steht
1754 3145 1826 3196 im
1862 3145 2181 3212 pregnanten
2207 3143 2365 3197 Sinne
2402 3145 2503 3197 wie
2539 3146 2605 3198 de

1582 3229 1652 3266 or.
1693 3212 1736 3265 11
1769 3216 1854 3279 40,
1893 3215 1990 3266 170
2022 3212 2300 3264 eimulasse
2335 3218 2384 3264 te
2420 3219 2473 3265 et
2503 3214 2607 3266 ali-

1582 3281 1716 3348 quid
1756 3283 2081 3347 quaesivisse
2113 3284 2463 3348 perspicuum
2511 3287 2606 3335 est.

1581 3349 1686 3417 vgl.
1705 3365 1799 3417 pro
1819 3348 1936 3402 Sex.
1957 3348 2107 3402 Roso.
2128 3352 2177 3415 3,
2200 3353 2231 3403 8
2259 3352 2605 3415 quamobrem

1580 3418 1874 3471 videantur
1907 3417 1996 3468 illi
2029 3433 2139 3469 non
2173 3417 2321 3469 nihil
2340 3422 2516 3470 tamen
2544 3421 2606 3470 in

1581 3484 1871 3547 deferendo
1918 3488 2135 3538 nomine
2185 3490 2415 3538 secuti
2466 3485 2607 3540 ‘dass

1574 3555 1700 3619 jene
1723 3554 1857 3607 doch
1881 3553 2085 3621 einigen
2110 3553 2305 3607 Anhelt
2326 3554 2518 3621 gehabt
2541 3570 2608 3607 zu

1582 3622 1752 3676 haben
1770 3621 2043 3676 seheinen’.
2078 3621 2208 3676 Dass
2226 3622 2370 3675 nieht
2386 3622 2505 3675 hlos
2522 3622 2628 3676 die,

1582 3690 1867 3744 netfirliehe
1900 3690 2189 3757 Festigkeit
2221 3690 2467 3744 Kerinths
2500 3690 2607 3744 und

1582 3758 1667 3811 die
1701 3758 1917 3812 ortliehe
1951 3759 2113 3827 Lege,
2160 3762 2402 3826 vermoge
2449 3757 2606 3814 deren

1582 3842 1639 3879 es
1673 3826 1773 3880 den
1810 3826 2077 3880 Sehlfissel
2118 3843 2236 3881 zum
2280 3826 2607 3895 Peloponnes

1581 3894 1794 3962 hildete,
1829 3894 1914 3948 die
1949 3894 2136 3948 Romer
2168 3912 2260 3949 zur
2294 3895 2640 3964 Zerstorung·

1580 3963 1787 4031 bewog,
1812 3963 2034 4018 sondern
2056 3980 2149 4017 vor
2159 3963 2328 4017 Allem
2347 3963 2431 4016 die
2444 3963 2608 4017 Eifer·
