2813 4537
770 294 853 347 DE
892 294 1151 349 OFFICIIS
1188 296 1306 351 LIB.
1342 295 1378 351 Ι.
1452 297 1713 370 GAP.,10.
1758 303 1834 354 11.
2302 301 2394 361 511

230 467 331 542 sit,
361 468 434 531 ab
466 467 662 530 officio
702 468 978 544 discedat,
1007 470 1059 532 si
1086 488 1151 533 se
1181 469 1525 533 destitutum
1557 480 1857 551 queratur.
1945 472 2069 535 Iam
2099 474 2216 537 illis
2244 494 2392 558 pro-
2451 542 2458 553 ⁸

227 554 427 616 missis
454 553 731 616 standum
761 572 885 616 non
918 573 1045 617 esse
1077 555 1210 637 quis
1240 574 1364 617 non
1392 554 1567 631 videt,
1600 575 1751 638 quae
1783 565 2023 620 coactus
2047 560 2181 639 quis
2201 570 2385 637 metu,
2427 578 2430 583 ⁴

228 659 381 721 quae
411 640 694 720 deceptus
724 639 861 701 dolo
891 638 1275 721 promiserit?
1303 640 1467 713 Quae
1497 642 1737 723 quidem
1757 642 2042 725 pleraque
2064 646 2192 709 iure
2213 665 2385 728 prae-
2414 646 2420 653 ’

224 725 382 788 torio
412 724 914 800 liberantur-,non
951 726 1112 789 nulla
1143 726 1391 806 legibue.
2483 740 2492 747 ²

152 822 181 872 5
399 810 677 873 Existunt
719 810 901 873 etiam
938 830 1117 894 saepe
1160 811 1411 875 iniuriae
1454 812 1747 877 calumnia
1793 813 2042 894 quadam
2095 821 2156 876 et
2206 815 2385 879 nimis
2428 830 2487 880 33

224 896 436 959 callida
469 897 615 975 [,se‹l
646 895 958 974 malitiosa]
990 897 1136 960 iuris
1162 897 1669 979 interpretatione.
1759 899 1848 960 Ex
1880 917 1996 980 quo
2027 899 2176 963 illud
2200 920 2385 975 ,sum-

220 1000 387 1045 mum
420 982 515 1045 ius
543 1000 774 1044 summa
818 982 1052 1045 iniuria‘
1085 984 1304 1046 factum
1335 992 1425 1046 est
1451 985 1570 1046 iam
1599 983 1806 1047 tritum
1837 1002 2110 1047 sermone
2141 1004 2383 1066 prover-

219 1069 410 1131 bium.
456 1066 588 1139 Quo
618 1068 681 1129 in
714 1085 932 1148 genere
963 1069 1138 1131 etiam
1162 1070 1223 1131 in
1247 1088 1313 1131 re
1336 1069 1575 1150 publica
1597 1069 1781 1132 multa
1807 1080 2151 1152 peccantur,
2174 1080 2241 1133 ut
2262 1071 2381 1150 ille,

219 1155 350 1236 qui,
379 1171 517 1216 cum
549 1153 790 1233 triginta
820 1154 1048 1216 dierum
1080 1166 1277 1217 essent
1308 1173 1444 1217 cum
1475 1156 1647 1218 hoste
1677 1154 1941 1218 indutiae
1962 1156 2167 1228 factae,
2200 1167 2383 1219 noctu

119 1248 172 1302 10
214 1238 624 1322 populabatur
664 1257 859 1319 agros„
905 1240 1064 1321 quod
1095 1240 1323 1303 dierum
1353 1249 1553 1304 essent
1580 1249 1804 1323 pactae,
1835 1260 1959 1303 non
1994 1242 2258 1307 noctium
2286 1242 2382 1304 in-

214 1324 439 1388 dutiae.
525 1324 613 1386 Ne
652 1333 857 1387 noster
900 1326 1137 1406 quidem
1177 1326 1553 1408 probandus,
1594 1327 1645 1389 si
1674 1344 1880 1389 verum
1911 1334 2002 1389 est
2032 1326 2101 1399 Q.
2131 1324 2384 1390 Fabium

212 1409 561 1484 Labeonem
591 1428 697 1473 seu
729 1429 906 1490 quem
936 1411 1116 1473 alium
1147 1444 1232 1457 -
1256 1412 1408 1474 nihil
1439 1412 1598 1474 enim
1627 1411 1816 1474 habeo
1847 1419 2083 1494 praeter
2111 1413 2376 1476 auditum

211 1531 302 1542 -—
336 1496 623 1559 arbitrum
665 1494 909 1558 Nolanis
955 1505 1016 1558 et
1053 1496 1460 1579 Neapolitanis
1487 1499 1560 1561 de
1589 1497 1811 1560 finibus
1843 1516 1878 1560 a
1905 1505 2115 1561 senatu
2157 1499 2380 1575 datum,

214 1600 359 1644 cum
387 1582 460 1644 ad
492 1581 692 1643 locum
721 1582 994 1656 venisset,
1027 1601 1164 1644 cum
1195 1584 1462 1665 utrisque
1494 1582 1807 1665 separatim
1846 1583 2133 1659 locutum,
2166 1603 2242 1646 ne
2272 1603 2380 1646 cu-

36 1734 37 1739 *
120 1679 170 1730 15
215 1668 363 1749 pide
389 1666 531 1747 quid
558 1676 825 1746 agerent,
858 1686 935 1729 ne
964 1676 1336 1750 appetenter,
1358 1677 1536 1749 atque
1558 1676 1626 1731 ut
1646 1669 1877 1747 regredi
1900 1682 2078 1750 quam
2101 1670 2379 1750 progredi

36 1752 37 1759 ’
212 1751 483 1815 mallent.
548 1752 614 1814 Id
646 1770 780 1815 cum
812 1752 1051 1834 utrique
1082 1753 1378 1832 fecissent,
1409 1753 1774 1835 aliquantum
1807 1754 1933 1833 agri
1962 1754 2025 1815 in
2056 1754 2250 1816 medio
2282 1773 2378 1818 re-

211 1839 424 1901 lictum
454 1847 561 1901 est.
627 1837 833 1919 Itaque
863 1837 1101 1901 illorum
1132 1841 1283 1902 fines
1311 1840 1517 1915 sic,‚·ut
1544 1839 1658 1921 ipsi
1688 1838 1974 1913 dixerant,
2006 1839 2374 1901 terminavitz

214 1924 279 1986 in
313 1923 510 1985 medio
540 1922 813 1985 relictum
847 1925 1005 2004 quod
1039 1934 1180 2001 erat,
1212 1924 1439 2007 populo
1469 1924 1737 1987 Romano
1769 1923 2135 1986 adiudicavit.
2202 1924 2374 1987 Deci·-

213 2028 361 2092 pere
406 2010 520 2071 boc
564 2008 802 2090 quidem
847 2017 954 2084 est,
987 2030 1107 2073 non
1132 2010 1411 2073 iudicare.
1458 2010 1746 2082 Quocirca
1776 2009 1839 2071 in
1872 2009 2036 2103 omni
2067 2019 2251 2072 estre
2281 2010 2376 2071 fu-

116 2106 169 2158 20
209 2095 426 2175 gienda
444 2093 589 2157 ‘talis
617 2093 895 2157 sollertia.

389 2178 544 2242 Sunt
584 2188 779 2243 autem
825 2182 1110 2260 quaedam
1141 2181 1331 2244 officia
1363 2181 1537 2243 etiam
1567 2180 1846 2243 adversus
1875 2199 1979 2243 eos
2007 2180 2309 2256 servanda,
2341 2200 2373 2243 a
2410 2189 2476 2247 11

281 2353 334 2403 3.
372 2348 522 2413 Quae
543 2377 584 2387 —
608 2349 928 2416 liberantur,
951 2375 1022 2396 =
1044 2353 1244 2402 rescin-

211 2419 442 2482 duntur,
490 2417 591 2469 wie
628 2418 961 2469 obsidionem
980 2418 1246 2483 liberare,

211 2486 297 2539 die
335 2484 660 2552 Belagerung
695 2485 970 2539 aufheben.
1023 2502 1065 2539 s.
1103 2502 1147 2538 z.
1183 2485 1244 2537 111

209 2554 243 2622 ξ
280 2559 315 2608 3
363 2554 707 2605 solitudinem
743 2559 1019 2620 languere.

277 2626 406 2674 iure
432 2625 733 2688 praetorio.
769 2621 863 2675 Die
889 2623 1066 2675 edicta
1085 2637 1242 2688 prae—

209 2695 411 2755 torum,
446 2690 613 2743 worin
640 2689 790 2755 jeder
814 2691 997 2743 Prator
1029 2690 1116 2742 bei
1137 2690 1244 2742 An-

209 2761 328 2812 tritt
373 2759 542 2811 seines
576 2754 757 2811 Amtes
803 2759 886 2811 die
922 2757 1241 2839 (irundsfitze

207 2826 744 2962 tuztssffgwlfissx
773 2825 1243 2964 ἕέιὲῗὲθὲἳοῖιῗὲζ

208 2979 389 3017 waren
423 2963 507 3016 die
542 2962 724 3044 Quelle
757 2964 849 3017 des
896 2968 989 3016 im
1018 2969 1241 3031 praeto-

206 3031 497 3168 fflzssssss
517 3046 633 3153 ⁶335
653 3031 1239 3170 gssifiisseffnfflffnffi

205 3185 332 3222 vom
368 3167 730 3236 Standpunkte
778 3168 869 3222 der
914 3167 1237 3222 natiirlichen

205 3235 479 3305 Billigkeit
512 3253 621 3303 aus,
658 3237 869 3290 bildete.

277 3310 328 3360 4.
383 3305 590 3371 legibus
622 3334 691 3345 —
726 3305 827 3358 wie
863 3305 1022 3358 durch
1058 3304 1141 3357 die
1175 3304 1238 3357 111

207 3374 243 3441 ξ
278 3377 342 3429 61
383 3374 647 3426 erwfihnte
683 3375 776 3426 Ieoe
809 3374 1097 3426 Plaetoria.

278 3447 326 3496 5.
400 3442 674 3494 calumnia
735 3441 862 3494 wird
920 3441 1079 3494 durch
1135 3441 1235 3494 den

205 3510 397 3564 Zusatz
446 3510 542 3564 mit
595 3516 648 3561 et
698 3510 905 3563 erklfirt.
976 3508 1093 3576 Vgl.
1143 3510 1236 3563 das

205 3577 519 3648 explicative
554 3595 658 3645 que
692 3580 724 3645 ς
769 3581 846 3632 12.

276 3650 327 3700 8.
362 3646 484 3698 ille.-
517 3645 760 3700 Plutarch
779 3646 1025 3715 apophth.
1048 3646 1232 3700 Lacon.

201 3731 256 3836 K.
295 3717 396 3796 223
442 3715 640 3768 enahlt
690 3731 794 3768 von
842 3714 958 3767 dem
1007 3718 1232 3784 spartan.

202 3783 1238 3919 ..tzitwtltffitz‘ffigaetffffitz...²225

200 3919 517 3973 Aebnliches
550 3921 592 3973 E
666 3936 786 3974 orus
820 3921 906 3974 bei
942 3919 1129 3974 Strabo
1164 3918 1232 3971 IX

201 4005 254 4057 p.
293 3992 394 4043 402
429 4005 535 4042 von
606 4004 671 4044 en
706 3988 999 4057 Thrakern‚
1053 3989 1233 4042 woher

1348 2348 1432 2401 die
1456 2348 1740 2401 Redensart
1771 2348 1861 2400 der
1883 2347 2133 2401 Griechen
2160 2350 2208 2401 Θ
2243 2353 2374 2414 axla

1348 2410 1669 2538 παιῆεὖρῆσις
1690 2416 2002 2536 θῃὲἒὶαηᾱςὲ
2027 2417 2139 2469 sein
2163 2432 2221 2469 so
2244 2417 2278 2469 l.

1485 2525 1497 2538 .
1589 2500 1749 2536 enoc
1868 2501 1960 2551 qut
2000 2500 2251 2550 θυι-,η
2286 2501 2373 2535 ve-

1341 2568 1466 2606 rum
1491 2558 1570 2604 eet
1590 2553 1649 2616 Q.
1666 2553 1902 2604 Fabium
1918 2552 2237 2605 Labeonem.
2270 2552 2373 2605 Der

1345 2621 1532 2674 zweite
1567 2619 1718 2673 Theil
1767 2620 1857 2672 des
1905 2619 2247 2687 Hauptsatzes
2300 2621 2370 2672 ist

1345 2689 1504 2743 durch
1549 2689 1665 2741 eine
1709 2687 2058 2748 Anakoluthie
2103 2703 2209 2740 von
2252 2687 2369 2741 dem

1344 2755 1726 2826 parenthetisch
1747 2755 2192 2823 eingeschobenen
2215 2759 2265 2807 n·
2287 2772 2371 2808 ve-

1342 2842 1467 2878 rum
1491 2831 1570 2877 est
1593 2825 1850 2892 abhangig
1870 2825 2124 2892 gemacht.
2160 2824 2372 2892 Eigent-

1341 2894 1447 2947 lich
1481 2894 1664 2947 wollte
1683 2893 1784 2947 Cic.
1822 2894 2103 2946 fortfahren
2134 2895 2374 2960 proban-

1343 2964 1445 3015 dus
1488 2968 1568 3014 est
1600 2963 1796 3015 Labeo.
1857 2961 2018 3016 Nihil
2064 2963 2231 3014 habeo
2281 2978 2368 3029 pr.

1343 3033 1609 3098 auditum,
1644 3031 1729 3083 ich
1764 3031 1921 3084 weiss
1950 3046 2059 3095 nur,
2097 3031 2248 3083 dass
2284 3030 2368 3083 ich

1343 3115 1398 3153 es
1425 3101 1608 3167 gehfirt
1629 3099 1779 3152 habe.
1824 3099 2019 3164 Labeo,
2056 3098 2247 3152 Consul
2268 3102 2363 3152 571
2476 3118 2480 3124 ’

1341 3170 1501 3234 (183),
1547 3166 1677 3221 wird
1711 3166 1855 3220 Brut.
1894 3169 1985 3233 21,
2022 3169 2083 3220 81
2124 3166 2255 3218 auch
2291 3166 2369 3218 als

1338 3236 1542 3290 Redner
1577 3239 1817 3303 genannt.

1414 3308 1492 3358 19.
1532 3305 1799 3368 Quocirca
1832 3302 1971 3355 zieht
2006 3300 2159 3353 keine
2183 3299 2368 3367 Folge-

1338 3387 1471 3439 rung
1505 3387 1598 3425 aus
1634 3371 1751 3424 dem
1781 3369 2364 3436 letztvorhergehenden

1339 3440 1511 3507 Satze,
1560 3439 1782 3493 sondern
1818 3437 1948 3492 fasst
1984 3438 2075 3491 das
2109 3437 2365 3504 Resultat,

1339 3509 1432 3562 das
1478 3524 1571 3562 aus
1618 3507 1736 3560 dem
1769 3507 2027 3575 Beispiele
2072 3520 2364 3573 gewonnen

1339 3577 1498 3645 wird‚
1543 3591 1852 3630 zusammen.
1923 3573 2109 3641 Hiiufig
2142 3572 2273 3625 wird
2309 3574 2365 3625 in

1337 3646 1533 3699 diesem
1549 3645 1693 3698 Falle
1711 3661 1895 3712 quare,
1913 3643 2257 3710 quamobrem
2273 3655 2363 3708 ge·

1335 3715 1527 3768 brauch
1536 3718 1567 3767 t.
1615 3712 1841 3783 Seyffert
1872 3712 2031 3766 schol.
2058 3710 2150 3763 lat.
2173 3709 2193 3762 1
2218 3708 2252 3776 ξ
2279 3711 2360 3764 39.

1405 3787 1487 3837 21.
1525 3783 1667 3835 Sunt
1684 3787 1879 3833 autem.
1904 3779 1996 3832 Die
2006 3778 2364 3845 Bestimmung

1336 3851 1428 3904 der
1452 3851 1674 3903 zweiten
1701 3848 1907 3915 Pflicht,
1932 3848 2132 3901 welche
2153 3846 2237 3901 die
2264 3846 2364 3899 Ge·

1333 3918 1645 3986 rechtigkeit
1679 3917 1878 3984 aussegt
1903 3915 1955 3984 (ξ
1976 3919 2041 3970 20
2077 3920 2141 3967 ut
2171 3932 2239 3966 ne
2274 3918 2367 3965 eui

1335 3992 1458 4055 quis
1480 3990 1673 4046 noceat
1692 3988 1802 4037 nisi
1820 3986 2095 4038 lacessitus
2110 3985 2361 4047 iniuria),

1976 4068 2054 4123 4*
