2813 4537
163 1232 224 1286 to

835 280 919 335 DE
957 280 1219 335 OFFICIIS
1256 281 1374 339 ΠΒ.
1395 283 1434 339 1.
1489 282 1631 337 GAP.
1662 287 1741 338 15.
1783 287 1861 340 16.

2344 285 2418 346 61

265 452 523 533 quisque
555 453 789 530 animo,
841 453 1074 529 studio,
1125 453 1539 518 benevolentia
1577 456 1787 519 fecerit
1827 458 2279 539 ponderandum
2320 470 2429 523 est.

267 537 439 600 Multi
486 539 647 602 enim
687 539 917 602 faciunt
959 538 1144 603 multa
1186 541 1512 603 temeritate
1568 542 1815 623 quadam
1860 543 1992 613 sine
2034 544 2288 622 iudicio,
2338 546 2429 608 vel

269 623 479 687 morbo
523 625 584 687 in
629 643 839 688 omnes
888 623 981 688 vel
1023 626 1340 707 repentino
1386 626 1638 707 quodam
1655 674 1672 704 ,
1726 628 1894 709 quasi
1936 637 2114 692 vento
2131 676 2147 706 ,
2199 632 2426 713 impetu

268 709 452 772 animi
481 709 747 773 incitatiz
780 728 931 792 quae
959 710 1246 774 beneficia
1275 729 1464 793 aeque
1491 729 1705 792 magna
1735 730 1858 775 non
1886 723 2028 777 sunt
2047 714 2314 780 habenda
2338 726 2427 779 at·

268 813 387 877 que
417 814 505 872 ea,
535 815 687 878 quae
716 796 959 872 iudicio,
990 797 1359 860 considerate
1388 806 1850 880 constanterque
1881 799 2071 862 delata
2095 810 2256 864 sunt.
2309 802 2426 864 Sed

270 881 334 942 in
380 880 728 945 collocando
773 882 1064 945 beneflcio
1109 890 1169 945 et
1211 883 1273 944 in
1318 882 1627 946 referenda
1672 884 1892 964 gratia,
1944 885 1995 947 si
2040 894 2231 949 cetera
2262 888 2425 969 paria

270 974 446 1042 sunt,
477 968 595 1031 hoc
622 985 896 1031 maxume
927 968 1107 1030 officii
1139 978 1259 1045 est,
1304 977 1373 1030 ut
1404 969 1655 1051 quisque
1684 987 1957 1032 maxume
1986 970 2118 1052 opis
2147 971 2426 1052 indigeat,

268 1051 350 1113 ita
378 1052 436 1113 ei
467 1053 840 1133 potissimum
886 1053 1194 1136 opitulari:
1249 1054 1410 1135 quod
1448 1063 1656 1118 contra
1685 1055 1753 1116 fit
1779 1073 1811 1117 a
1845 1054 2164 1137 plerisque.
2224 1058 2272 1119 A
2303 1076 2424 1138 quc

270 1137 431 1200 enim
459 1138 783 1219 plurimum
814 1147 1087 1221 sperant,
1136 1139 1308 1202 etiam
1339 1139 1391 1201 si
1422 1139 1522 1203 ille
1550 1141 1624 1202 iis
1654 1158 1777 1203 non
1810 1149 1962 1221 eget,
2000 1150 2198 1205 tamen
2232 1143 2285 1205 ei
2315 1161 2425 1225 po-

268 1221 560 1287 tissimum
591 1223 940 1289 inserviunt.

446 1324 685 1408 Optime
713 1334 911 1390 autem
941 1326 1192 1390 societas
1220 1326 1531 1390 hominum
1567 1328 2034 1408 coniunctioque
2077 1329 2420 1407 servabitur,
2453 1338 2525 1393 16

268 1410 320 1472 si
339 1455 356 1486 ,
386 1418 452 1473 ut
482 1411 734 1493 quisque
764 1412 876 1475 erit
906 1414 1463 1489 coniunctissimus,
1507 1413 1585 1475 ita
1616 1413 1676 1474 in
1710 1431 1846 1497 eum
1876 1413 2258 1493 benignitatis
2288 1415 2424 1496 plu·
2470 1428 2529 1478 50

267 1496 485 1558 rimum
529 1498 890 1561 conteretur.
966 1498 1080 1560 Sed
1125 1517 1276 1581 quae
1322 1507 1566 1561 naturae
1594 1497 1889 1581 principia
1932 1499 2057 1561 sint
2088 1502 2423 1563 communi-

267 1582 407 1644 tatis
436 1590 497 1644 et
527 1583 825 1645 societatis
853 1584 1168 1661 humanae,
1210 1584 1602 1666 repetendum
1630 1583 1859 1646 videtur
1880 1584 2074 1647 altius.
2132 1585 2240 1647 Est
2267 1586 2427 1648 enim

165 1677 226 1729 15
269 1666 563 1749 primum,
631 1669 789 1749 quod
834 1669 1099 1732 cernitur
1143 1670 1206 1731 in
1255 1670 1516 1733 universi
1560 1669 1797 1749 generis
1840 1671 2085 1732 humani
2127 1672 2426 1735 societate.

268 1750 417 1815 Eius
445 1762 643 1816 autem
674 1753 974 1818 vinculum
1006 1763 1096 1817 est
1123 1756 1277 1817 ratio
1310 1763 1368 1817 et
1400 1755 1609 1830 oratio,
1640 1771 1791 1836 quae
1821 1755 2089 1819 docendo
2120 1756 2424 1830 discendo,

335 1924 384 1976 2.
432 1922 593 1973 multi
617 1950 655 1960 -
682 1922 882 1975 multa.-
931 1922 1015 1976 ein
1052 1921 1298 1976 Pleonas-

264 2005 382 2043 mus
407 1989 508 2042 wie
543 1989 703 2042 multi
723 2006 895 2058 saepe,
931 2006 972 2045 s.
998 2006 1044 2044 z.
1077 1990 1119 2044 11
1153 1990 1187 2058 3
1213 1993 1296 2045 20.

336 2059 424 2109 vel
453 2060 668 2111 morbo.-
704 2057 856 2112 Tusc.
893 2058 960 2110 lv
1003 2062 1082 2126 10,
1108 2063 1175 2113 24
1214 2063 1299 2111 in·

268 2126 558 2193 tellegatur
589 2130 1050 2194 perturbationem
1090 2131 1299 2179 iaetan-

267 2197 415 2246 tibus
428 2212 484 2246 se
502 2197 849 2262 opinionibus
866 2199 1236 2249 inconstanter
1250 2202 1301 2249 et

266 2265 486 2317 turbide
516 2267 578 2316 in
609 2270 758 2317 motu
782 2281 889 2316 esse
911 2281 1142 2333 semper,
1177 2281 1300 2318 cum

266 2338 448 2385 autem
466 2336 557 2385 hic
571 2331 757 2394 fervor
770 2336 1166 2400 concitatioque
1181 2339 1300 2386 ani-

262 2405 346 2453 mi
369 2405 753 2455 inveteraverit
769 2407 822 2453 et
839 2406 1112 2468 tamquam
1134 2406 1194 2454 in
1213 2419 1300 2454 ve-

263 2473 356 2521 nis
377 2470 727 2536 medullisque
750 2470 1025 2537 insederit,
1051 2476 1163 2522 tum
1183 2476 1299 2523 exi-

263 2541 365 2594 stit
399 2545 452 2591 et
481 2541 700 2591 morbus
732 2543 786 2589 et
820 2542 1141 2605 aegrotatio.
1204 2539 1297 2594 Die

266 2606 648 2674 Planlosigkeit
681 2607 750 2659 im
787 2606 964 2659 Geben
1011 2607 1151 2675 zeigt
1187 2608 1296 2660 sich

267 2675 535 2729 entweder
580 2674 657 2728 als
678 2674 951 2728 dauernde
987 2673 1296 2729 krankhafte

269 2743 513 2812 Neigung
525 2760 590 2797 zu
603 2743 744 2796 einer
755 2758 821 2796 an
834 2742 951 2795 Alle
966 2742 1103 2795 ohne
1115 2742 1299 2797 Unter-

268 2812 451 2865 schied
488 2810 878 2865 austheilenden
914 2811 1299 2880 Freigebigkeit

156 2929 161 2934 .
267 2880 398 2934 oder
421 2881 498 2934 als
535 2878 980 2947 augenhlickliche
1003 2880 1192 2934 Lnune.
1238 2884 1300 2933 in

268 2948 781 3071 83ᾝὲἛὲἐὲ
793 2950 1018 3084 Βῗὲἷίῗτέ
1049 2952 1302 3072 ἷέιῖῖἶαέὲἑ

271 3085 461 3152 Object
493 3084 600 3138 und
634 3083 832 3138 konnte
856 3084 1202 3153 wegbleiben,
1237 3087 1302 3140 da

272 3169 367 3208 aus
404 3153 504 3207 den
530 3152 747 3207 Worten
781 3156 1063 3220 repentino
1098 3157 1302 3223 impetu

272 3226 447 3275 animi
479 3237 585 3275 von
621 3221 787 3274 selbst
832 3221 1182 3276 verstfindlich
1218 3224 1302 3290 ist,

271 3290 395 3344 dass
443 3289 525 3342 die
571 3304 637 3342 an
670 3289 995 3343 Einzelne
1041 3292 1175 3344 ohne
1210 3291 1304 3344 Ur-

273 3358 404 3411 theil
440 3358 543 3412 und
578 3356 733 3409 Wahl
776 3358 1130 3412 austheilende
1167 3359 1304 3413 Frei-

272 3425 542 3495 gebigkeit
574 3425 804 3493 gemeint
837 3426 922 3479 ist.

343 3500 392 3549 5.
428 3495 652 3560 iudicio,
687 3494 1025 3548 considerate
1060 3501 1303 3548 comtan-

275 3569 492 3630 terque:
527 3561 739 3615 Ablativ
768 3561 873 3614 und
899 3560 1154 3616 Adverbia
1188 3579 1303 3617 ver-

270 3631 497 3685 bunden.
556 3629 590 3697 3
616 3633 679 3684 61
717 3645 917 3696 magno
955 3633 1156 3697 animo,
1188 3630 1305 3692 for-

166 3713 177 3720 ”
273 3703 403 3752 titer
439 3699 880 3765 excellenterque.

342 3771 391 3821 6.
435 3772 497 3819 in
533 3766 718 3819 eolloo.
755 3764 928 3827 benef.
997 3765 1092 3818 Die
1126 3764 1306 3818 Wohl-

274 3835 414 3902 that,
465 3834 667 3888 welche
718 3833 867 3887 Dank
915 3833 1133 3901 bringen
1185 3834 1303 3902 soll,

271 3903 405 3956 wird
439 3904 537 3957 mit
570 3902 737 3957 einem
757 3902 963 3972 Kapital
986 3902 1301 3971 vergliehen,

268 3970 367 4026 das
437 3972 530 4026 auf
587 3971 773 4026 Zinsen
845 3970 1088 4041 angelegt
1156 3972 1299 4025 wird.

1400 1921 1517 1989 Vgl.
1543 1921 1584 1973 11
1607 1921 1641 1989 3
1662 1923 1727 1976 71
1764 1921 1913 1989 apud
1932 1921 2240 1984 fortunatos
2275 1925 2428 1975 bene-

1398 1992 1587 2055 ficium
1622 1990 1894 2043 collocari.

1472 2061 1519 2114 8.
1558 2064 1779 2112 contra.-
1830 2058 2108 2112 adverbiell
2145 2059 2428 2125 gebraucht

1399 2128 1472 2180 im
1511 2126 1668 2180 Sinne
1703 2143 1808 2180 von
1887 2143 2074 2180 rorem
2117 2128 2292 2180 aliter.
2363 2127 2427 2180 ad

1400 2195 1509 2250 Att.
1546 2196 1592 2247 X
1628 2198 1687 2260 8,
1725 2197 1756 2248 2
1804 2198 1827 2246 i
1909 2210 2007 2262 ego
2057 2201 2248 2248 eontra
2278 2202 2429 2264 puto.

1405 2264 1471 2318 ad
1495 2264 1614 2318 fam.
1645 2262 1735 2317 XII
1770 2264 1849 2331 18,
1870 2266 1900 2317 2
1925 2270 2214 2332 utrumque
2237 2271 2429 2318 eontra

1402 2335 1616 2386 accidit.
1653 2333 1759 2400 vgl.
1789 2332 1853 2386 de
1878 2332 1965 2387 off.
1988 2333 2030 2385 11
2062 2333 2137 2401 37
2168 2334 2282 2387 alia
2300 2350 2429 2402 pro-

1403 2402 1622 2467 babilia,
1659 2406 1851 2453 eontra
1888 2402 2000 2454 alia
2030 2403 2271 2455 dicimus.

1474 2473 1553 2524 16.
1589 2472 1734 2521 ratio
1762 2474 1814 2520 et
1836 2473 2031 2522 oratio.
2081 2469 2116 2537 3
2139 2471 2199 2524 12
2224 2471 2428 2523 eadem-

1402 2554 1505 2604 que
1526 2542 1727 2589 natura
1750 2540 1808 2587 vi
1838 2542 2022 2589 ratio
2037 2542 2141 2589 nie
2162 2541 2429 2590 hominem

1401 2606 1660 2659 conciliat
1681 2607 1890 2657 homini
1913 2610 1965 2656 et
1986 2606 2061 2657 ad
2094 2609 2429 2659 orationis

1400 2680 1455 2728 et
1486 2675 1561 2726 ad
1590 2676 1734 2725 vitae
1767 2676 2090 2725 societatem.

1470 2741 1709 2794 docendo
1733 2746 1832 2795 etc.
1884 2740 1978 2795 Die
2012 2740 2175 2793 Reihe
2208 2740 2299 2793 der
2332 2741 2432 2794 Be-

1401 2809 1549 2877 grifl'e
1583 2809 1788 2863 zerfallt
1824 2811 1878 2862 in
1901 2810 1985 2863 ein
2020 2824 2114 2863 aus
2148 2810 2179 2861 2
2215 2809 2322 2863 und
2344 2810 2431 2863 ein

1402 2894 1497 2932 aus
1533 2882 1565 2933 3
1584 2878 1862 2933 Nummern
1896 2877 2242 2932 bestehendes
2265 2877 2431 2946 Glied,

1403 2962 1517 3000 was
1550 2947 1710 3001 durch
1746 2947 1830 3000 die
1856 2946 2243 3016 Interpunction
2278 2962 2433 3015 ange-

1404 3015 1586 3069 deutet
1619 3016 1704 3069 ist.
1778 3015 1849 3069 So
1886 3030 2015 3083 grup
2052 3015 2121 3068 irt
2155 3015 2260 3069 Cic.
2297 3020 2430 3069 stete

1404 3084 1492 3138 hei
1545 3083 1939 3151 Aut'ziihlungen
2044 3083 2092 3135 ie
2161 3084 2429 3137 einzelnen

1406 3151 1631 3219 Begriffe
1680 3153 1734 3205 in
1769 3151 1976 3205 Glieder
2020 3166 2126 3203 von
2173 3154 2203 3204 2
2241 3151 2363 3204 oder
2398 3154 2430 3205 3

1406 3220 1713 3274 Nummern:
1764 3218 1785 3270 1
1905 3222 1988 3273 53.
2036 3221 2120 3272 58.
2161 3222 2274 3273 115.
2316 3221 2433 3272 129.

1405 3288 1448 3340 11
1482 3287 1516 3355 3
1553 3291 1636 3342 37.
1677 3290 1756 3342 83.
1889 3286 1923 3354 3
1959 3288 2025 3339 70
2061 3302 2111 3339 u.
2148 3285 2287 3340 haufi
2336 3304 2352 3355 ς
2391 3302 2432 3341 e.

1406 3356 1736 3424 Nigelshach
1770 3355 1879 3409 Lat.
1916 3353 1994 3408 St.
2032 3354 2205 3437 3172.
2325 3355 2434 3409 icht

1406 3425 1575 3478 selten
1598 3423 1905 3478 bezeichnet
1926 3438 1983 3477 er
2006 3423 2089 3476 die
2108 3423 2247 3492 Grup
2283 3424 2434 3492 irung

1406 3492 1566 3546 durch
1622 3492 1991 3546 verschiedene
2049 3490 2240 3545 Vei-hin
2279 3507 2435 3573 unge-

1406 3560 1665 3629 partikeln
1711 3560 1797 3614 bei
1843 3561 1944 3615 den
1988 3560 2254 3614 einzelnen
2297 3559 2435 3613 Glic-

1408 3629 1551 3696 dern,
1587 3628 1712 3683 oder
1745 3629 1905 3683 durch
1927 3627 2433 3681 Dazwischenschie-

1405 3697 1508 3750 hen
1545 3697 1687 3751 eines
1711 3696 1935 3762 Wortes‚
1970 3696 2091 3750 213.
2127 3695 2161 3763 3
2202 3699 2298 3749 134
2334 3702 2434 3749 aut

1402 3780 1505 3832 per
1525 3765 1820 3818 ridiculum
1844 3769 1943 3817 aut
1956 3780 2152 3831 severe,
2172 3765 2433 3818 maledice

1405 3834 1902 3901 contumelioseque.
1935 3835 2084 3900 3158
2110 3838 2222 3886 tum
2242 3834 2434 3886 dooere

1405 3906 1518 4022 ‘tium
1544 3902 1748 3954 dacem
1769 3903 1942 3969 uellet,
1967 3907 2079 3955 tum
2103 3903 2296 3955 audire
2322 3908 2432 3954 tum

1443 3986 1597 4023 were.
