2813 4537
138 1238 208 1292 10

141 1665 204 1718 15

809 286 893 342 DE
929 285 1192 341 omens
1228 287 1345 343 LlB.
1370 288 1451 345 111.
1509 289 1653 346 CAP.
1677 292 1755 344 18.
1798 293 1879 347 19.

2288 288 2414 350 219

254 478 465 523 -verum
507 462 622 523 hoc
649 460 923 542 expedit’,
965 481 1062 524 res
1089 481 1123 524 a
1153 469 1366 524 natura
1396 462 1703 543 copulatas
1730 464 1970 527 audebit
2000 483 2202 527 errore
2232 466 2413 528 divel-

252 546 400 621 lere,
432 547 536 627 qui
564 547 701 609 fons
728 555 818 610 est
846 547 1159 624 fraudium,
1189 547 1635 623 maleficiorum,
1666 549 1957 612 scelerum
1988 551 2275 613 omnium.

430 631 635 713 Itaque
680 632 731 695 si
770 632 860 693 vir
899 632 1101 696 honus
1126 633 1338 695 haheat
1365 633 1523 695 hanc
1551 633 1687 709 vim,
1729 642 1815 710 ut,
1856 636 1906 697 si
1936 635 2132 716 digitis
2160 655 2410 700 concre-
2444 645 2517 701 19

257 717 475 798 puerit,
519 718 711 798 possit
752 718 814 779 in
856 718 1242 799 locupletium
1282 725 1635 781 testamenta
1680 738 1902 783 nomen
1947 721 2075 784 eius
2115 722 2413 802 inrepere,

176 813 210 865 5
252 803 366 864 hac
407 803 464 864 vi
510 822 634 866 non
675 810 898 879 utatur,
945 823 1023 866 ne
1067 804 1118 866 si
1159 805 1531 884 exploratum
1570 804 1810 884 quidem
1837 806 2049 868 habeat
2077 807 2136 868 id
2167 808 2413 870 omnino

250 888 557 950 neminem
598 899 881 968 uinquam
927 889 1385 970 suspicaturum.
1444 891 1520 951 At
1549 890 1719 953 dares
1746 892 1900 954 hanc
1928 892 2046 953 vim
2074 891 2151 953 M.
2184 892 2412 968 Crasso,

250 981 321 1035 ut
364 974 687 1053 digitorum
720 974 1109 1054 percussione
1138 975 1313 1037 heres
1340 984 1546 1055 posset
1572 976 1830 1056 scriptus
1859 996 2005 1054 esse,
2051 978 2153 1058 qui
2182 996 2248 1039 re
2276 996 2414 1040 vera

252 1077 379 1122 non
426 1067 581 1122 esset
623 1060 814 1135 heres,
856 1060 919 1121 in
947 1060 1099 1136 foro,
1144 1059 1291 1122 mihi
1319 1061 1514 1136 crede,
1556 1062 1810 1124 saltaret.
1870 1062 2062 1124 Homo
2092 1071 2288 1125 autem
2318 1063 2412 1125 iu-

250 1152 383 1206 stus
422 1144 610 1225 isque,
657 1163 836 1224 quem
880 1145 1170 1207 sentimus
1210 1145 1403 1207 virum
1439 1146 1685 1222 bonum,
1733 1148 1882 1210 nihil
1911 1149 2205 1228 cuiquam,
2250 1150 2411 1229 quod

252 1229 316 1291 in
359 1249 425 1292 se
467 1231 807 1304 transferat,
848 1230 1135 1294 detrahet.
1195 1230 1325 1292 Hoc
1355 1230 1459 1310 qui
1488 1232 1828 1308 admiratur,
1873 1233 1924 1295 is
1952 1252 2015 1295 se
2047 1233 2189 1313 quid
2218 1234 2296 1296 sit
2322 1234 2411 1295 vir
2499 1270 2506 1280 ·

248 1315 450 1378 bonus
489 1315 721 1379 nescire
764 1315 1034 1379 fateatur.
1094 1318 1170 1378 At
1210 1334 1370 1392 vero,
1412 1316 1462 1378 si
1499 1317 1602 1399 qui
1631 1317 1886 1380 voluerit
1913 1318 2096 1380 animi
2125 1318 2217 1381 sui
2246 1338 2412 1381 com·
2456 1330 2514 1380 76

249 1400 525 1481 plicatam
567 1401 877 1464 notionem
925 1403 1211 1477 evolvere,
1254 1401 1383 1477 iam¹
1414 1420 1480 1464 se
1512 1402 1640 1483 ipse
1670 1402 1881 1464 doceat
1908 1422 2047 1465 eum
2074 1404 2270 1466 virum
2298 1405 2409 1467 bo-

248 1504 397 1547 uum
430 1505 576 1562 esse,
624 1486 726 1566 qui
754 1487 944 1567 prosit
976 1487 1193 1568 quihus
1220 1487 1426 1568 possit,
1459 1496 1673 1551 noceat
1702 1489 1928 1551 nemini
1959 1489 2075 1552 nisi
2103 1490 2411 1552 lacessitus

249 1570 485 1632 iniuria.
558 1571 713 1643 Quid
753 1570 941 1653 ergo?
998 1573 1095 1635 hic
1127 1591 1250 1634 non
1282 1581 1514 1648 noceat,
1559 1573 1661 1652 qui
1692 1575 1946 1652 quodam
1978 1574 2146 1654 quasi
2173 1593 2408 1637 veneno

249 1657 520 1736 perficiat
542 1664 609 1718 ut
629 1658 1072 1736 verosheredes
1092 1667 1341 1734 moveat,
1373 1657 1437 1719 in
1462 1677 1669 1720 eorum
1700 1659 1899 1721 locum
1930 1660 2056 1739 ipse
2086 1659 2408 1723 succedat?

247 1742 401 1803 ‘Non
444 1742 626 1823 igitur
666 1742 858 1805 faciat'
902 1742 1115 1804 dixerit
1157 1743 1289 1822 quis
1331 1743 1512 1822 ‘quod
1556 1743 1701 1804 utile
1745 1744 1837 1818 sit,
1879 1745 2038 1822 quod
2075 1746 2346 1826 expediat
2358 1745 2406 1806 ‘t’

246 1825 434 1888 Immo
472 1827 774 1909 intellegat
803 1827 953 1890 nihil
983 1846 1096 1890 nec
1127 1828 1408 1908 expedire
1439 1846 1550 1890 nec
1582 1828 1725 1890 utile
1756 1848 1903 1905 esse,
1951 1831 2111 1909 quod
2141 1830 2217 1892 sit
2245 1831 2406 1893 iniu-

316 1996 363 2047 2.
417 1992 734 2058 fraudium,·
786 1995 1015 2048 dieselbe
1039 1995 1187 2048 Form
1223 1995 1276 2048 in

244 2061 382 2197 gisi8
400 2062 433 2130 ς
469 2066 565 2129 44,
617 2063 723 2131 vgl.
775 2064 1016 2117 laudium
1065 2063 1198 2116 Phil.
1234 2063 1276 2116 11

240 2217 247 2224 ’
316 2202 366 2251 3.
401 2198 594 2264 digitis
612 2203 1001 2268 concrepuerit.
1047 2199 1164 2252 Wie
1184 2199 1277 2253 das

242 2267 438 2333 digitis
472 2283 798 2336 concrepare
822 2268 1045 2323 Zeichen
1069 2268 1152 2322 ssu·
1174 2270 1275 2323 den

246 2334 478 2388 Sklaven
524 2335 593 2387 ist
639 2341 767 2389 statt
808 2336 900 2390 des
946 2337 1274 2391 mundlichen

244 2402 487 2469 Befehls,
557 2417 617 2456 so
671 2404 810 2456 steht
862 2404 952 2457 der
1002 2405 1275 2458 Ausdruck

242 2471 679 2539 sprfichwortlich
714 2472 766 2524 in
803 2471 918 2525 dem
954 2471 1113 2525 Sinne
1156 2472 1273 2527 ‘den

243 2539 491 2592 leiscsten
516 2538 746 2593 Wunsch
782 2541 1032 2603 iussern’3
1068 2540 1133 2593 de
1156 2541 1273 2609 lege

243 2623 350 2674 agr.
375 2607 415 2660 11
452 2611 534 2674 30,
555 2610 620 2661 82
647 2610 831 2676 primo
856 2609 1070 2675 quidem
1106 2625 1272 2676 acres,

244 2677 319 2727 ad
364 2679 473 2727 vim
515 2680 783 2745 prompti,
836 2678 911 2729 ad
953 2677 1271 2729 seditionem

238 2747 456 2810 parati,
491 2748 612 2812 qui,
655 2746 820 2797 simul
853 2761 919 2797 ac
951 2746 1128 2798 decem
1164 2749 1273 2796 viri

243 2816 672 2880 concrepuerint,
713 2816 919 2865 armati
950 2816 1011 2865 in
1048 2816 1187 2866 cives
1221 2819 1274 2865 et

242 2880 485 2946 expediti
518 2882 592 2933 ad
624 2883 838 2934 caedem
874 2898 983 2933 esse
1008 2886 1237 2949 possint.

329 2951 377 3000 4.
431 2951 711 3016 inrepere:
776 2950 829 3002 in
883 2949 999 3002 dem
1043 2948 1270 3015 Verbum

239 3015 371 3082 liegt
407 3030 471 3068 an
507 3017 616 3070 sich
659 3018 822 3071 sehon
861 3017 953 3071 das
987 3017 1269 3071 Heimliche

239 3082 348 3135 und
382 3082 719 3152 Trssgerische
755 3085 847 3140 des
880 3086 1236 3154 Eindringens.

311 3155 358 3204 6.
395 3151 467 3207 Μ.
507 3153 723 3206 Gracco:
775 3152 1013 3208 derselbe
1027 3154 1274 3208 Vorwurl'

239 3218 374 3271 wird
397 3220 609 3272 Crassus
634 3222 687 3273 in
710 3222 828 3275 dem
852 3236 1020 3290 gegen
1054 3224 1144 3276 ihu
1180 3238 1270 3290 ge-

236 3287 494 3339 richtetcn
530 3289 770 3341 sechsten
804 3288 1105 3344 Paradoxon
1143 3293 1174 3357 5
1200 3294 1269 3344 43

238 3354 505 3421 gemacht:
538 3358 589 3406 si
624 3361 937 3409 testamenta
972 3362 1267 3411 amicorum

235 3438 307 3473 ne
358 3429 635 3490 exspectas
684 3425 899 3490 quidem
946 3431 1105 3492 atque
1155 3431 1269 3494 ipse

235 3506 626 3622 ngt’Ozffffhm
651 3589 693 3598 —
717 3561 958 3641 saltaret,
1010 3576 1066 3614 er
1090 3563 1267 3616 wiirde

237 3643 336 3679 vor
388 3628 619 3682 Freudeu
684 3627 768 3681 die
831 3629 1267 3683 unschicklichste

235 3694 511 3763 Handlung
555 3697 807 3764 begehen.
879 3696 995 3765 Vgl.
1041 3697 1074 3765 ξ
1111 3701 1194 3752 93.
1245 3699 1266 3751 1

237 3763 274 3831 fi
317 3766 411 3818 145
463 3766 559 3817 sed
607 3782 700 3832 ea,
746 3781 886 3832 quae
924 3766 1154 3818 multum
1199 3769 1265 3818 ab

237 3834 574 3885 humanitate
608 3833 942 3902 discrepant,
989 3840 1052 3886 ut
1082 3838 1134 3885 ei
1170 3838 1268 3901 qui

234 3903 298 3951 in
331 3899 457 3961 foro
494 3907 670 3954 cantet
700 3908 803 3955 aut
831 3906 883 3954 si
905 3918 1013 3969 qua
1053 3907 1131 3954 est
1154 3903 1266 3956 alta

233 3983 439 4036 magna
468 3974 813 4038 perversitas.
847 3986 941 4040 pro
967 3970 1098 4026 Mus.
1123 3975 1173 4039 6,
1200 3974 1263 4025 13

1377 2011 1534 2048 nemo
1556 1994 1678 2057 fere
1698 1996 1864 2048 saltat
1880 1998 2107 2064 sobrius,
2130 1999 2239 2049 nisi
2258 1996 2407 2059 forte
2469 2060 2473 2064 ⁴

1378 2066 1600 2130 insanit,
1637 2080 1806 2131 neque
1840 2067 1901 2116 in
1925 2065 2217 2117 solitudine
2238 2082 2409 2132 neque

1376 2135 1441 2185 in
1487 2135 1733 2185 convivio
1780 2133 2058 2186 moderato
2102 2139 2269 2201 ‘atque
2316 2137 2408 2186 lto-

1376 2206 1547 2256 nesto.
1615 2201 1745 2270 Nep.
1792 2201 1969 2271 Epam.
2023 2206 2047 2255 1
2068 2241 2082 2267 ,
2129 2205 2159 2255 2
2212 2205 2409 2254 scimus

1377 2273 1524 2322 enim
1555 2274 1792 2323 musicen
1826 2274 2032 2324 nostris
2055 2274 2296 2324 moribus
2318 2273 2408 2324 ab·

1378 2355 1487 2389 esee
1522 2355 1555 2390 a
1586 2341 1852 2406 principie
1890 2355 2158 2406 persona,
2203 2341 2407 2392 saltare

1376 2422 1503 2458 vero
1541 2410 1702 2457 etiam
1736 2410 1797 2457 in
1832 2410 1983 2459 vitiis
2010 2411 2163 2474 poni.

1446 2477 1494 2527 9.
1529 2478 1816 2526 sentimus:
1863 2474 1884 2526 1
1918 2474 1952 2542 ξ
1995 2477 2091 2528 124
2130 2475 2286 2541 tatem
2319 2492 2404 2528 eo-

1377 2542 1543 2595 temus
1585 2548 1639 2594 et
1679 2545 1883 2593 sentire
1918 2545 2114 2595 bonum
2150 2546 2316 2596 civem
2353 2550 2407 2596 et

1376 2610 1570 2663 dicere.

1453 2682 1527 2731 10.
1565 2679 1889 2744 admiratur,
1914 2678 2024 2731 sich
2042 2679 2397 2741 verwundert;

1376 2761 1419 2800 e.
1454 2746 1495 2797 11
1532 2747 1565 2814 ᾖ
1601 2749 1667 2801 56
1704 2747 2047 2799 admiremur.

1450 2818 1529 2868 11.
1577 2817 1750 2867 animi
1780 2818 1869 2866 eui
1903 2816 2274 2882 complicatam
2306 2832 2403 2868 no-

1378 2886 1576 2935 tionem
1628 2883 1896 2934 evolvere:
1951 2884 1964 2911 ‘
1980 2883 2063 2936 die
2108 2884 2178 2935 im
2226 2885 2401 2938 Geiste

1374 2950 1512 3003 noch
1523 2951 1928 3004 unentwickelte
1937 2951 2270 3019 Vorstellung
2285 2968 2399 3006 zum

1372 3018 1555 3072 klaren
1590 3018 1945 3073 Bewusstsein
1980 3021 2225 3087 bringen’.
2262 3037 2401 3073 com-

1369 3088 1607 3155 plicatus
1639 3087 1886 3141 bedentet
1919 3088 1991 3140 im
2012 3089 2298 3155 Gegensatz
2334 3105 2398 3142 zu

1373 3156 1681 3223 explicatus
1702 3170 2013 3221 verworren,
2041 3156 2240 3209 unklar.
2278 3156 2312 3224 ἃ
2333 3160 2395 3211 81

1373 3224 1591 3292 emptica
1641 3229 1803 3290 atque
1852 3229 2048 3276 excute
2088 3224 2402 3291 intellegen-

1372 3296 1509 3343 tiam
1544 3298 1707 3343 tum.
1776 3296 1830 3346 to
1872 3331 1883 3345 .
1923 3295 1979 3357 7,
2018 3295 2072 3346 31
2123 3296 2402 3345 notionem

1372 3359 1600 3427 appello,
1629 3375 1793 3444 quam
1891 3363 2010 3412 aeci
2039 3365 2152 3412 tum
2174 3361 2400 3414 ἔννοιαν

1371 3433 1488 3480 tum
1540 3424 1819 3500 προληψιν
1834 3448 1853 3478 .·
1905 3445 1968 3480 ea
2016 3434 2093 3480 est
2137 3432 2303 3481 imita
2350 3435 2404 3481 et

1366 3501 1656 3563 praecepta
1700 3499 1959 3563 cuiusque
2000 3501 2240 3564 cognitio
2276 3513 2401 3549 eno—

1371 3565 1608 3616 dationis
1640 3565 1909 3632 indigene.

1445 3634 1523 3686 13.
1567 3633 1769 3684 'noceat
1816 3635 2021 3685 nemini
2052 3636 2164 3684 nisi
2197 3636 2320 3685 cet.:
2377 3632 2399 3686 1

1370 3700 1405 3768 ὃ
1446 3772 1522 3822 14.
1560 3784 1838 3835 venenum,
1866 3767 2233 3833 Zaubertrank,
2259 3767 2396 3821 daun

1369 3836 1701 3903 allgemeiner
1737 3834 2159 3897 ‘zaubermittel';
2202 3850 2275 3889 or.
2311 3839 2396 3902 37,

1372 3906 1471 3958 129
1515 3907 1693 3957 mbae
1741 3905 1965 3971 aceedit,
2012 3919 2133 3957 cum
2172 3906 2280 3956 sibi
2311 3921 2398 3955 ve-

1367 3976 1523 4024 nenia
1559 3978 1797 4040 ereptam
1828 3976 2141 4026 memoriam
2175 3973 2396 4026 diceret.
