2813 4537
416 255 495 318 80
1054 258 1137 310 DE
1175 256 1439 310 OFFICIIS
1476 257 1593 310 LlB.
1627 256 1665 309 1.
1738 255 1879 309 GAP.
1918 257 2000 308 25.

413 440 481 494 ut
501 431 552 494 si
574 440 788 495 nautae
811 439 1126 507 certarent,
1151 430 1285 511 quis
1305 447 1514 493 eorum
1537 402 1906 512 potissimum
1930 426 2324 510 gubernaret'.
2375 428 2568 491 Idem-

314 569 321 574 .
415 536 531 598 que
560 518 879 600 praecipit,
924 526 993 579 ut
1037 521 1160 579 ‘eos
1188 517 1551 579 adversarios
1581 516 2010 591 existimemus,
2042 515 2144 597 qui
2172 534 2332 578 arma
2362 515 2567 578 con'tra

416 606 626 678 ferant,
655 622 776 667 non
809 622 930 679 θος,
963 603 1064 684 qui
1088 621 1197 665 suo
1227 603 1446 664 iudicio
1478 602 1629 665 tueri
1650 620 1775 664 rem
1799 602 2096 683 publicam
2115 598 2343 663 velint'·
2328 646 2345 677 ,
2375 599 2566 681 qualis

416 689 526 751 fuit
567 689 729 751 inter
752 688 819 751 P.
852 688 1193 751 Africanum
1224 699 1282 750 et
1310 686 1379 759 Q.
1411 688 1709 751 Metellum
1751 687 1880 750 sine
1908 687 2221 749 acerbitate
2252 686 2563 749 dissensio.

583 773 705 837 Nec
749 793 887 837 vero
930 774 1238 849 audiendi,
1280 774 1383 854 qui
1426 774 1677 853 graviter
1706 772 1961 836 inimicis
1990 773 2361 836 irascendum
2392 781 2564 854 puta-

335 911 345 919 .
414 860 566 920 bunt
608 860 786 940 idque
815 860 1176 940 magnanimi
1207 868 1265 923 et
1307 859 1477 922 fortis
1516 859 1623 921 viri
1654 877 1782 921 esse
1811 858 2157 921 censebunt.
2216 856 2374 921 Nihil
2404 858 2564 920 enim

415 944 796 1021 laudabilius,
843 945 990 1009 nihil
1034 964 1250 1026 magno
1296 955 1355 1007 et
1397 945 1702 1027 praeclaro
1744 945 1870 1006 viro
1907 945 2146 1024 dignius
2175 942 2566 1026 placabilitate

414 1038 591 1111 atque
633 1031 964 1093 clementia.
1022 1032 1092 1093 In
1122 1032 1323 1094 liberis
1352 1049 1490 1093 vero
1521 1031 1762 1113 populis
1787 1039 1847 1092 et
1887 1031 1950 1093 in
1979 1030 2126 1092 iuris
2155 1028 2565 1110 aequabilitate

416 1117 742 1178 exercenda
773 1115 945 1178 etiam
976 1127 1065 1179 est
1094 1118 1339 1181 facilitas
1369 1125 1427 1178 et
1455 1115 1701 1179 altitudo
1731 1116 1912 1178 animi
1942 1135 2093 1198 quae
2122 1116 2356 1189 dicitur,
2388 1134 2484 1190 ne,
2516 1114 2567 1175 si

415 1200 738 1264 irascamur
775 1212 877 1265 aut
918 1202 1329 1286 intempestive
1368 1202 1785 1266 accedentibus
1813 1211 1915 1265 aut
1945 1201 2322 1283 impudenter
2350 1218 2565 1290 rogan-

412 1284 601 1361 tibus,
646 1287 708 1349 in
738 1287 1140 1350 morositatem
1170 1287 1439 1351 inutilem
1473 1295 1532 1350 et
1562 1288 1825 1351 odiosam
1857 1287 2202 1351 incidamus.
2263 1286 2336 1349 Et
2369 1294 2562 1349 tamen

413 1371 492 1433 ita
522 1371 824 1453 probanda
855 1381 945 1436 est
972 1376 1365 1437 mansuetudo
1408 1381 1586 1455 atque
1629 1372 1970 1449 clementia,
2012 1381 2080 1435 ut
2106 1371 2449 1434 adhibeatur
2477 1370 2565 1433 rei

415 1456 687 1538 publicae
717 1477 891 1521 causa
922 1461 1216 1536 severitas,
1246 1460 1376 1522 sine
1397 1477 1513 1539 qua
1542 1459 1940 1521 administrari
1972 1458 2172 1521 civitas
2195 1476 2316 1519 non
2350 1466 2561 1539 potest.

304 1591 311 1594 ψ
417 1542 627 1605 Omnis
667 1552 863 1607 autem
920 1555 977 1607 et
1020 1545 1443 1609 animadversio
1490 1553 1545 1606 et
1592 1544 1891 1624 castigatio
1948 1544 2306 1605 contumelia
2358 1560 2564 1606 vacare

415 1696 552 1746 dicit
586 1694 709 1747 oder
745 1697 916 1763 dixit,
952 1713 1010 1749 so
1048 1697 1180 1763 folgt
1214 1698 1299 1750 bei
1332 1696 1439 1748 An-

414 1763 702 1830 st‘ihrungen
738 1781 828 1817 aus
864 1765 1031 1817 einem
1068 1764 1439 1818 Schriftsteller

416 1830 591 1898 haufig
614 1833 745 1885 nach
769 1832 884 1887 dem
910 1832 1129 1886 Prasens
1160 1834 1301 1887 eines
1324 1849 1440 1885 ver-

413 1900 535 1952 bum
560 1900 762 1954 dicendi
797 1903 886 1955 der
912 1903 1182 1968 Gonjunct.
1217 1901 1439 1970 imperf„

414 1969 492 2021 als
527 1969 594 2021 ob
631 1969 723 2022 (las
758 1970 1064 2023 historische
1082 1970 1287 2023 Perfect
1325 1986 1440 2023 vor-

1538 1696 1635 1761 le8‚
1670 1695 1760 1747 der
1782 1693 1957 1761 haufig
1994 1694 2069 1746 als
2105 1693 2196 1745 das
2219 1693 2357 1746 Ideal
2398 1692 2564 1745 dieser

1540 1762 1756 1831 Tugend
1791 1762 2094 1842 hingestellt
2129 1762 2274 1827 wird‚
2317 1761 2563 1829 gewaltig

1540 1832 1604 1883 in
1628 1832 1822 1884 seinem
1857 1832 2021 1884 Zorne
2054 1830 2139 1882 ist.

1610 1904 1657 1955 8.
1687 1901 1924 1953 altitudo
1948 1902 2135 1963 animi,
2163 1896 2239 1950 d.'
2226 1914 2261 1952 1.
2279 1890 2559 1964 βαθύτης;

1542 1984 1652 2022 was
1670 1969 1908 2022 darunter
1925 1985 1989 2021 zu
2008 1966 2286 2020 verstehen
2302 1966 2395 2031 sei,
2425 1965 2562 2033 zeigt

416 2037 677 2105 herginge‚
695 2053 735 2092 S.
753 2038 1257 2106 §90perspieerent,
1268 2038 1372 2097 und
1391 2055 1437 2091 Ζ.

412 2101 454 2155 ΙΙ
480 2109 543 2157 56
571 2112 907 2171 cogerentur.
932 2106 995 2158 111
1018 2107 1051 2174 ξ
1077 2111 1136 2161 13
1164 2112 1438 2161 essent-—

411 2177 536 2223 uter
554 2178 738 2240 potius
759 2175 829 2228 ist
854 2180 1053 2242 gesagt,
1083 2174 1146 2227 da
1172 2175 1254 2228 die
1281 2174 1439 2228 Strei-

417 2241 603 2295 tenden
656 2243 833 2299 immet
885 2245 1137 2312 paarweis
1197 2244 1441 2298 einander

304 2328 309 2333 ·
414 2313 924 2377 gegem‘iberstehend
958 2314 1180 2380 gedacht
1214 2313 1436 2367 werden.

483 2383 566 2433 21.
593 2381 842 2447 Idemque
893 2386 1141 2449 raecipit.
1167 2382 1294 2436 Eine
1307 2398 1437 2449 ganz

416 2449 819 2515 entsprechende
880 2450 999 2504 telle
1017 2451 1148 2504 lasst
1167 2452 1276 2504 sich
1295 2452 1439 2503 nicht

415 2515 605 2585 finden,
626 2519 829 2571 abnlich
848 2519 962 2572 sind
981 2536 1087 2588 rep.
1101 2519 1271 2588 vulp
1286 2520 1436 2573 5678

414 2603 463 2639 ιι.
501 2586 601 2653 leg.
632 2587 698 2638 lx
734 2604 782 2655 p.
811 2587 982 2653 856B‚
1019 2605 1104 2642 wo
1139 2588 1290 2642 Plato
1326 2588 1438 2640 dar-

415 2655 548 2720 ι1ιιιι,
568 2671 676 2708 wer
693 2657 773 2708 fur
793 2657 893 2709 den
911 2657 1263 2710 schlimmsten
1277 2656 1438 2710 Feind

412 2723 507 2774 des
535 2695 748 2776 ’Staates
785 2741 849 2777 zu
884 2726 1058 2778 halten
1094 2725 1289 2780 sei..

483 2796 532 2845 3.
568 2794 624 2846 P.
660 2791 1002 2855 Africanum.
1058 2793 1225 2846 Wenn
1261 2794 1438 2846 Cicero

414 2859 568 2911 keine
603 2862 791 2914 nabere
825 2860 1183 2928 Bestimmung
1216 2862 1438 2928 beifiigt,

413 2927 574 2978 meint
621 2943 676 2981 er
722 2933 851 2981 stets
897 2929 1196 2992 Africanus
1241 2933 1438 2995 minor,

414 3008 591 3047 ausser
616 3012 700 3051 wo
726 2997 815 3049 der
837 2998 1280 3066 zusammenbang
1305 3013 1437 3065 ganz

414 3063 643 3116 deutlich
677 3066 816 3133 zeigt

413 3134 686 3187 verstehen
720 3134 805 3188 ist.

483 3200 542 3264 Q.
566 3203 833 3256 Caecilius
866 3204 1110 3257 Metellus
1132 3176 1439 3256 Macedoni-

412 3286 508 3320 eus
535 3271 1024 3340 Consu1611(143)‚
1049 3274 1114 3327 de
1147 3289 1244 3327 am.
1267 3276 1350 3339 21,
1370 3278 1435 3327 77

409 3345 634 3406 propter
650 3343 1053 3409 dissentionem,
1086 3358 1225 3411 quae
1244 3313 1363 3394 era't
1379 3346 1438 3393 in

410 3423 474 3456 re
502 3409 746 3477 publica,
783 3412 1049 3463 alienatus
1085 3417 1165 3463 est
1198 3412 1436 3477 (Scipio)

415 3491 447 3525 a
484 3476 691 3544 collega
723 3485 911 3532 nostro
944 3480 1174 3532 Metello.
1210 3509 1278 3518 —
1319 3478 1437 3532 Von

412 3545 607 3598 seinem
643 3547 914 3601 Edelmuth
948 3554 1104 3617 zeugt
1139 3549 1221 3601 die
1250 3548 1438 3600 ΕιΖῑιΙι-

412 3612 539 3682 lung
571 3616 655 3667 bei
692 3616 858 3670 Valer.
885 3616 1016 3670 Max.
1054 3616 1121 3669 IV
1164 3620 1207 3682 1,
1229 3619 1313 3681 22,
1349 3631 1435 3670 wo

410 3698 469 3733 er
490 3685 633 3736 seine
657 3685 830 3739 Sdhne
855 3686 1131 3739 auffordert
1163 3657 1246 3737 die
1269 3656 1435 3737 fiabre

413 3749 614 3819 Scipios
659 3758 837 3822 tragen
883 3771 945 3807 zu
981 3755 1181 3819 helsen,
1230 3754 1307 3805 als
1343 3754 1437 3806 des

413 3824 650 3884 grossten
695 3822 933 3890 Mannes,
981 3823 1098 3876 dem
1146 3823 1221 3875 sie
1257 3822 1435 3875 diesen

411 3887 591 3941 Dienst
625 3890 808 3944 leisten
845 3891 1091 3945 konnten.

482 3960 774 4025 5.1·-dque
796 3964 1093 4013 censebunt.
1130 3959 1247 4011 wie
1263 3959 1437 4011 Achil-

831 3107 844 3131 ,
897 3067 1016 3120 dass
1051 3068 1140 3120 der
1175 3068 1335 3120 altere
1371 3084 1436 3121 zu

1541 2037 1606 2090 ad
1622 2038 1779 2090 Attio.
1799 2036 1844 2088 V
1875 2041 1951 2102 10,
1971 2039 2001 2090 3
2028 2038 2128 2088 etei
2150 2037 2281 2087 haec
2305 2038 2419 2101 ipsa
2441 2033 2562 2097 fero

1543 2107 1786 2172 equidem
1819 2103 2029 2170 fronte,
2075 2108 2139 2155 ut
2163 2108 2304 2170 puto
2342 2107 2393 2154 et
2427 2102 2563 2168 vole,

1543 2174 1837 2239 bellissime,
1866 2175 1961 2225 sed
1976 2188 2155 2239 angor
2169 2174 2377 2223 intimis
2400 2174 2564 2222 sensi-

1542 2246 1653 2297 bu3.
1689 2273 1757 2283 —
1798 2244 1988 2310 Itaque
2023 2242 2359 2294 admirabere
2391 2255 2563 2292 meam

1540 2309 1857 2381 βαθύτητα,
1893 2327 2012 2365 cum
2045 2312 2184 2362 salvi
2213 2311 2562 2361 redierimus.-

1540 2382 1653 2434 also
1683 2381 1766 2433 die
1792 2380 1960 2434 Kunst
1990 2380 2130 2433 scine
2148 2378 2366 2432 Gesfihle
2393 2395 2460 2431 zu
2475 2379 2564 2431 be-

1540 2449 1813 2502 herrschen
1867 2448 1972 2501 und
2019 2465 2081 2501 zu
2130 2448 2428 2514 vet-bergen.
2499 2446 2563 2498 ad

1539 2518 1697 2571 Attio.
1733 2516 1800 2570 IV
1836 2520 1935 2582 6‚3
1970 2518 2065 2568 sed
2098 2517 2395 2568 mehercule
2429 2518 2565 2566 inei-

1532 2587 1736 2654 piendo
1754 2585 1961 2651 refugi,
1985 2602 2068 2650 ne,
2088 2589 2184 2651 qui
2198 2585 2386 2636 videar
2401 2584 2565 2634 stulte

1538 2656 1689 2707 illiue
1705 2657 2076 2739 intemperiem
2092 2669 2205 2704 non
2221 2654 2418 2719 tulisse,
2440 2668 2564 2704 rur-

1537 2740 1628 2775 sus
1661 2724 1822 2776 stulte
1856 2726 2122 2774 iniuriam
2166 2722 2318 2773 illius
2357 2721 2563 2783 faciam

1538 2793 1881 2877 illustrem,.n
1833 2792 2320 2858 siquidem-ipson,
2339 2795 2392 2841 et
2402 2790 2567 2841 simul

1537 2877 1607 2913 ne
1629 2858 1884 2928 βαθύτης
1917 2876 2052 2925 mea,
2087 2875 2227 2926 quae
2257 2862 2320 2910 in
2351 2857 2562 2925 agendo

1539 2933 1817 3065 &spat-ui?
1800 2933 1887 2995 ,in
1898 2929 2180 2981 scribendo
2191 2930 2266 2977 sit
2279 2928 2562 2978 oculatior.

1623 2997 1641 3048 l
1677 2997 1741 3050 de
1796 3002 1889 3050 art.
1908 3002 2033 3050 orat.
2055 3000 2138 3062 22,
2158 3000 2241 3061 77,
2267 3012 2352 3048 wo
2372 2996 2564 3046 libera-

1541 3066 1668 3116 litae
1692 3066 1795 3119 und
1813 3066 2052 3117 altitudo
2085 3067 2259 3117 animi
2286 3065 2362 3117 als
2381 3063 2565 3116 Unter-

1540 3138 1684 3186 arten
1721 3134 1811 3186 der
1843 3134 2162 3200 magnitudo
2198 3136 2371 3185 animi
2410 3146 2566 3198 ange·-

1505 3208 1510 3217 '
1542 3201 1707 3270 geben
1734 3203 1955 3257 werden.
1999 3201 2123 3255 Sall.
2148 3200 2265 3267 Jug.
2292 3204 2376 3266 95,
2396 3203 2443 3253 3.
2494 3201 2569 3251 ad

1541 3272 1851 3324 eimvtlanda
1883 3274 2103 3338 negotia
2135 3270 2366 3322 altitudo
2389 3273 2565 3320 inere-

1545 3340 1742 3392 dibilis.
1798 3340 1904 3392 Liv
1940 3339 2054 3391 XXI
2089 3341 2120 3392 2
2158 3339 2273 3390 alta
2307 3337 2530 3390 indoles.

1613 3412 1691 3462 11.
1727 3413 1806 3460 ita
1822 3409 2170 3475 probanda-
2128 3412 2277 3472 -ut,
2301 3412 2451 3459 unter
2475 3405 2565 3457 der

1538 3475 1906 3614 Beflitilgugng-
1926 3476 2061 3543 dasS‚
2081 3477 2182 3528 wie
2200 3478 2337 3527 ita-
2361 3474 2563 3541 sime,

1537 3561 1608 3613 vg
1808 3550 1889 3600 33.

1615 3618 1688 3668 13.
1715 3614 2065 3667 commelia:
2089 3613 2216 3665 Eine
2239 3614 2562 3678 ignominia,

1537 3683 1653 3735 eine
1677 3682 1991 3750 Verletzung
2025 3683 2115 3736 der
2148 3680 2299 3747 Eme,
2334 3681 2464 3747 liegt
2498 3695 2564 3731 an

1538 3752 1647 3805 sich
1682 3753 1735 3804 in
1771 3752 1860 3804 der
1896 3750 2083 3815 strate,
2120 3749 2447 3801 contumelia
2475 3749 2566 3800 be-

1538 3821 1774 3873 zeichnet
1808 3820 1891 3873 die
1926 3819 2210 3884 unbefugte
2243 3816 2564 3869 Ehrenkran-

1537 3888 1681 3956 kung
1732 3905 1777 3942 Ζ.
1813 3888 1870 3941 Β.
1925 3887 2082 3941 durcb
2118 3886 2296 3951 Hobn‚
2350 3885 2439 3937 der
2473 3900 2564 3936 zur

1539 3956 1710 4010 Strafe
1744 3956 2083 4024 hinzugesfigt
2109 3955 2252 4008 wird.
2307 3953 2341 4021 ξ
2371 3955 2462 4007 137
2501 3957 2566 4004 ut

2610 1207 2668 1259 10
