2813 4537
436 269 559 332 208
1042 270 1125 323 DE
1163 269 1421 324 OFFIGIIS
1453 269 1574 325 ΠΒ.
1605 269 1681 323 111.
1752 268 1893 323 GAP.
1921 272 1996 323 14.

438 446 580 507 dum
611 451 719 517 est,
750 443 880 522 qui
911 443 1301 505 orationis
1328 442 1747 506 vanitatem
1776 439 2216 504 adhibuerunt?
2279 440 2341 502 C.
2374 439 2595 503 Canius

439 549 621 610 eques
648 529 971 604 RomanuS,
1015 546 1127 590 nec
1156 529 1448 591 infacetus
1475 536 1534 589 et
1562 528 1704 590 satis
1730 527 2041 602 litteratus,
2076 545 2215 588 cum
2241 544 2306 587 se
2337 525 2595 606 Syracu-

438 634 532 678 sas
575 614 816 689 otiandi,
859 621 925 675 ut
965 613 1092 693 ipse
1132 614 1328 675 dicere
1358 613 1603 688 solebat,
1647 632 1770 674 non
1801 612 2143 691 negotiandi
2172 629 2347 673 causa
2376 620 2595 675 contu-

435 701 629 775 lisset,
682 699 987 761 dictitabat
1027 718 1091 761 se
1132 699 1402 761 hortulos
1444 698 1676 778 aliquos
1714 716 1911 759 emere
1951 698 2129 773 velle,
2184 717 2302 777 quo
2343 697 2597 759 invitare

437 785 659 847 amicos
701 792 760 846 et
801 785 904 846 ubi
948 803 1011 846 se
1053 784 1349 846 oblectare
1389 783 1520 845 sine
1563 783 2105 863 interpellatoribus
2140 790 2360 862 posset.
2421 782 2601 854 Quod
2642 793 2676 843 5

438 889 574 933 cum
616 870 1101 950 percrebruisset,
1145 869 1390 950 Pythius
1437 869 1490 930 ei
1521 868 1777 949 quidam,
1821 868 1924 949 qui
1953 868 2346 948 argentariam
2373 867 2598 930 faceret

440 955 765 1036 Syracusis,
810 955 1043 1017 venales
1086 954 1326 1035 quidem
1370 974 1435 1016 se
1474 955 1681 1016 hortos
1726 972 1848 1015 non
1883 954 2120 1035 habere,
2162 955 2266 1016 sed
2298 954 2476 1015 licere
2505 954 2597 1015 uti

439 1041 641 1116 Canio,
683 1041 735 1102 si
777 1041 966 1114 vellet,
1010 1048 1076 1101 ut
1120 1040 1260 1115 suis,
1306 1047 1365 1101 et
1405 1039 1583 1102 simul
1623 1040 1696 1101 ad
1726 1057 1936 1101 cenam
1962 1038 2267 1102 hominem
2294 1038 2356 1101 in
2386 1039 2597 1101 hortos

438 1126 701 1187 invitavit
743 1126 805 1187 in
848 1133 1153 1205 posterum
1198 1125 1370 1186 diem.
1426 1125 1574 1187 Cum
1617 1124 1714 1186 ille
1742 1124 2126 1204 promisisset,
2169 1135 2297 1185 tum
2326 1124 2594 1204 Pythius,

441 1211 541 1290 qui
588 1218 743 1272 esset
784 1218 851 1273 ut
888 1211 1258 1291 argentarius
1285 1211 1443 1291 apud
1474 1229 1683 1272 omnes
1712 1210 1953 1272 ordines
1982 1210 2292 1290 gratiosus,
2337 1209 2597 1289 piscato-
2644 1218 2705 1271 10

439 1315 536 1357 res
580 1297 653 1357 ad
695 1315 758 1357 se
804 1296 1149 1358 convocavit
1187 1304 1248 1357 et
1290 1296 1363 1357 ab
1394 1296 1466 1358 iis
1495 1295 1719 1376 petivit,
1750 1302 1818 1356 ut
1846 1303 1984 1358 ante
2015 1314 2156 1358 suos
2183 1295 2452 1357 hortulos
2481 1314 2595 1376 po-

441 1380 643 1443 stridie
690 1381 1080 1461 piscarentur,
1124 1381 1386 1461 dixitque
1433 1381 1572 1461 quid
1616 1400 1720 1442 eos
1761 1382 1956 1442 facere
2000 1381 2190 1443 vellet.
2250 1380 2340 1442 Ad
2382 1399 2597 1443 cenam

442 1466 693 1547 temperi
732 1467 891 1527 venit
936 1467 1182 1529 Canius:
1238 1467 1483 1547 opipare
1524 1485 1559 1527 a
1600 1466 1809 1546 Pythio
1853 1467 2199 1547 adparatum
2239 1466 2594 1541 convivium,

443 1552 793 1612 cumbarum
833 1560 970 1613 ante
1013 1553 1219 1614 oculos
1254 1552 1590 1627 multitudo,
1632 1569 1742 1630 pro
1772 1570 1835 1613 se
1867 1551 2117 1632 quisque
2148 1553 2307 1630 quod
2336 1560 2594 1631 ceperat,

343 1648 402 1699 59
445 1636 763 1711 adferebat,
808 1644 946 1699 ante
989 1640 1172 1718 pedes
1206 1637 1401 1718 Pythii
1444 1637 1639 1718 pisces
1681 1636 2105 1722 abiciebantur.
2165 1637 2317 1699 Tum
2349 1636 2597 1699 Canius:
2644 1646 2703 1698 15

445 1721 716 1793 ‘Quaeso’
757 1722 969 1801 inquit,
1011 1723 1173 1802 ‘quid
1215 1730 1305 1784 est
1337 1724 1472 1798 hoc,
1503 1720 1718 1803 Pythi?
1763 1730 2075 1785 tantumne
2106 1720 2400 1803 piscium?
2458 1730 2594 1783 tan-

440 1815 646 1868 tumne
677 1807 1089 1870 cumbarum?
1133 1808 1210 1869 Et
1237 1809 1365 1870 ille:
1415 1808 1591 1880 ‘Quid
1620 1806 1897 1869 mirum?
1934 1807 2132 1887 inquit
2161 1809 2293 1869 ‘hoc
2321 1808 2453 1869 loco
2484 1816 2593 1882 est,

443 1892 747 1973 Syracusis
790 1893 1072 1973 quicquid
1106 1902 1196 1956 est
1223 1893 1495 1974 piscium,
1542 1894 1637 1955 hic
1667 1893 1921 1972 aquatic,
1965 1894 2076 1954 hac
2104 1894 2238 1955 villa
2265 1893 2363 1955 isti
2391 1910 2597 1954 carere

442 1997 564 2039 non
608 1979 899 2058 possunt.'
958 1979 1245 2042 Incensus
1276 1978 1493 2041 Canius
1532 1978 1851 2058 cupiditate
1886 1979 2198 2040 contendit
2225 1998 2259 2040 a
2287 1978 2497 2059 Pythio
2527 1985 2596 2040 ut

439 2064 738 2125 venderet.
792 2062 1036 2125 Gravate
1053 2064 1150 2126 ille
1170 2065 1384 2145 primo.
1446 2063 1602 2137 Quid
1624 2061 1851 2126 multa?
1882 2063 2176 2143 impetrat.
2236 2064 2394 2125 Emit
2414 2064 2595 2126 homo
2641 2072 2704 2124 20

517 2250 560 2300 1.
613 2248 877 2298 orationis
910 2250 1230 2299 vanitatem:
1266 2246 1287 2299 1
1318 2248 1351 2316 ς
1374 2250 1466 2301 150
1571 2261 1695 2313 war,
1730 2262 1833 2301 von
1870 2246 1986 2300 dem
2020 2263 2138 2301 man
2175 2249 2285 2303 also
2322 2249 2461 2304 wohl
2493 2249 2599 2303 sol-

443 2315 584 2366 nihil
632 2315 956 2381 proficiant,
1015 2319 1127 2366 nisi
1182 2317 1468 2369 admodum
1572 2316 1694 2368 ches
1734 2321 1987 2370 erwarten
2022 2315 2247 2371 konnte'.

441 2387 792 2449 mentiantur,
815 2400 913 2436 nec
932 2400 1057 2436 vero
1085 2390 1163 2437 est
1183 2388 1469 2451 quicquam
1639 2386 1686 2436 9.
1726 2388 2090 2451 promisisset:
2147 2387 2339 2439 ebenso
2365 2389 2600 2453 promit-

444 2455 655 2518 turpius
691 2455 945 2504 vanitate.
1572 2457 1684 2503 tere
1718 2453 1792 2504 ad
1825 2469 2035 2519 cenam,
2072 2455 2144 2506 ad
2176 2455 2428 2521 aliquem,
2481 2454 2600 2507 eine

514 2522 560 2572 2.
621 2537 718 2572 nec
764 2519 1050 2582 infacetus.
1119 2520 1282 2573 Einen
1330 2520 1467 2573 Witz
1571 2520 1860 2588 Einladung
1895 2522 2196 2577 annehmen.

445 2603 549 2640 von
568 2588 674 2640 ihm
693 2588 888 2641 erzfihlt
905 2588 1008 2643 Cic.
1030 2589 1094 2641 de
1112 2605 1183 2643 or.
1204 2589 1245 2640 11
1265 2592 1348 2655 69,
1367 2592 1467 2644 280
1644 2591 1721 2642 13.
1760 2593 2009 2656 temperi,
2043 2590 2359 2657 rechtzeitig.
2400 2590 2455 2643 111
2490 2589 2601 2643 die-

447 2672 567 2708 cum
603 2657 842 2709 Scaurus
888 2662 1169 2709 accusaret
1202 2657 1469 2709 Rutilium
1572 2671 1655 2708 ser
1683 2655 1988 2724 Bedeutung
2025 2658 2284 2712 brauchen
2320 2658 2601 2713 classische

445 2727 702 2791 ambitus,
764 2741 884 2776 cum
933 2728 1046 2792 ipse
1104 2725 1292 2777 consul
1338 2731 1471 2777 esset
1573 2723 1945 2779 Schriftsteller
1971 2726 2151 2779 immet
2181 2727 2263 2779 die
2290 2726 2439 2780 Form
2469 2732 2602 2778 tem·-

444 2791 649 2859 factus,
696 2793 789 2844 ille
821 2794 1092 2860 repulsam
1135 2794 1368 2860 tulisset,
1418 2799 1472 2845 et
1570 2796 1693 2859 peri
1747 2793 1868 2846 oder
1919 2797 1979 2846 in
2031 2800 2266 2862 tempore
2280 2814 2300 2858 ,⁰
2376 2795 2537 2862 vergl.
2580 2793 2602 2846 Ι

446 2864 505 2912 in
524 2864 640 2912 eius
659 2861 856 2912 tabulis
868 2862 1171 2927 ostenderet
1181 2862 1390 2913 litteras
1402 2864 1469 2915 A.
1576 2862 1609 2925 ἐ
1634 2863 1746 2916 104.

445 2929 512 2979 F.
532 2930 588 2982 P.
607 2928 668 2980 R.
697 2929 859 2994 idque
879 2929 1082 2981 diceret
1102 2946 1240 2980 esse:
1273 2931 1471 2981 ‘aetum
1647 2931 1727 2983 14.
1757 2945 1864 2996 pro
1882 2947 1938 2980 se
1956 2933 2193 2996 quisque,
2228 2930 2276 2983 d.
2295 2930 2330 2986 i.
2357 2946 2463 2998 pro
2487 2935 2603 2982 suis

447 2996 554 3059 tide
600 2998 656 3047 P.
692 2996 928 3062 Rutilii',
981 2997 1219 3048 Rutilius
1263 3004 1471 3050 autem.-
1573 2998 1780 3048 viribus
1789 3034 1805 3061 ,
1848 3013 1952 3063 pro
1996 3014 2096 3049 sua
2133 3005 2322 3066 parte,
2378 3014 2433 3051 es
2470 2999 2602 3052 wird

446 3065 592 3115 ‘ante
620 3062 842 3132 factum,
863 3071 986 3132 post
1007 3066 1275 3132 relatum',
1302 3067 1354 3120 0.
1376 3067 1474 3120 Ca·
1574 3063 1752 3117 darum
1788 3065 1966 3118 besser
2000 3066 2093 3118 mit
2130 3073 2345 3135 ceperat
2382 3067 2605 3120 verbun-

446 3135 596 3197 nius,
643 3150 798 3199 eques
832 3133 1126 3200 Romanus,
1175 3150 1295 3186 cum
1329 3133 1471 3196 Rufo
1576 3132 1703 3198 den,
1759 3133 1884 3184 ‘was
1926 3134 2075 3199 jeder
2110 3134 2192 3188 fiir
2238 3136 2414 3188 seinen
2449 3133 2604 3188 Theil

448 3202 676 3267 adesset,
731 3202 1002 3254 exclamat
1054 3208 1306 3254 neutrum
1362 3204 1475 3255 illis
1576 3200 1830 3267 gefaugen
1866 3201 2049 3264 hatte';
2106 3203 2169 3256 de
2205 3207 2335 3257 orat.
2368 3203 2389 3255 1
2428 3205 2507 3269 18,
2532 3206 2601 3257 82

449 3270 645 3321 litteris
669 3271 954 3323 declarari.
991 3271 1154 3335 ‘Quid
1174 3288 1304 3338 ergo
1314 3274 1353 3322 ?'
1390 3275 1475 3323 in·
1572 3285 1674 3335 pro
1693 3286 1748 3318 se
1767 3273 1993 3336 quisque
2011 3287 2146 3337 quae
2160 3277 2378 3338 poterat
2394 3273 2460 3323 de
2478 3271 2605 3336 offi-

449 3341 570 3403 quit
601 3338 854 3391 Scaurus.
890 3369 959 3378 —
1007 3341 1286 3391 ‘Aemilius
1327 3340 1473 3406 fecit,
1577 3339 1660 3388 cio
1698 3342 1752 3388 ct
1773 3341 1988 3390 ratione
2013 3343 2248 3391 oratoris
2272 3340 2605 3407 disputabat.

445 3406 705 3472 plectitur
738 3407 1010 3460 Rutilius’.
1577 3405 1719 3459 caes.
1755 3406 1806 3458 b.
1843 3406 1971 3460 Gall.
2009 3407 2050 3459 11
2084 3410 2167 3474 25,
2188 3411 2218 3462 3
2256 3424 2376 3460 cum
2407 3425 2509 3475 pro
2545 3426 2605 3461 se

517 3477 567 3528 4.
616 3476 885 3541 hortulos,
918 3475 966 3530 d.
994 3476 1027 3527 i.
1059 3475 1261 3527 villam.
1295 3476 1350 3528 ln
1369 3476 1475 3528 die·
1577 3476 1799 3539 quisque
1832 3478 1893 3526 in
1940 3481 2224 3543 conspectu
2258 3479 2609 3545 imperatoris

449 3558 559 3594 sem
594 3540 752 3595 Sinne
803 3559 912 3595 war
948 3544 1155 3595 hortuli
1202 3544 1475 3596 stehender
1578 3545 1740 3593 etiam
1775 3545 1835 3594 in
1870 3548 2125 3595 extremis
2156 3548 2270 3596 suis
2291 3547 2450 3597 rebus
2479 3561 2607 3612 ope-

448 3609 722 3664 Ausdruck
757 3611 810 3663 in
847 3612 948 3665 den
990 3614 1047 3664 12
1069 3610 1269 3666 Tafeln.
1577 3626 1698 3661 ram
1732 3627 1935 3662 navare
1982 3619 2213 3680 cuperet.
2283 3612 2436 3681 Verg.
2470 3613 2604 3667 Aen.

531 3684 576 3732 5.
630 3681 1082 3747 interpellatores,
1146 3680 1333 3747 listige
1378 3679 1479 3732 Be·
1575 3677 1666 3730 XII
1685 3681 1784 3732 552
1814 3696 1917 3746 pro
1938 3698 1995 3732 se
2013 3685 2237 3747 quisque
2261 3685 2376 3733 viri
2394 3697 2608 3736 summa

449 3748 646 3800 sucher.
1576 3750 1831 3799 nituntur
1866 3764 2024 3815 opum
2058 3752 2130 3802 vi.

520 3819 566 3867 6.
606 3820 703 3880 qui
731 3845 771 3854 —
790 3813 1028 3876 faceret.-
1067 3820 1163 3882 qui
1200 3816 1270 3869 ist
1305 3815 1476 3883 gleich
1646 3817 1727 3868 20.
1769 3815 1998 3869 Gravate
2029 3817 2123 3869 ille
2157 3832 2227 3870 sc.
2261 3822 2404 3884 agit,
2430 3817 2607 3870 macht

452 3885 649 3948 quippe
677 3887 786 3948 qui,
817 3885 920 3936 und
944 3884 1099 3938 daher
1116 3884 1206 3937 der
1224 3885 1478 3950 Conjunc·
1578 3881 2054 3951 Schwierigkeiten.
2076 3915 2143 3923 —
2177 3889 2490 3952 instructos,
2509 3886 2608 3939 mit

452 3949 526 4000 tiv
576 3956 800 4015 gesetzt3
856 3952 937 4005 ‘da
983 3968 1038 4005 er
1081 3953 1163 4004 ein
1209 3951 1477 4007 Wechsler
1577 3951 1827 4016 Zubehor,
