2813 4537
836 300 919 353 DE
958 299 1216 355 OFFIGIIS
1251 300 1369 354 LIB.
1405 299 1461 355 11.
1515 301 1656 354 CAP.
1688 303 1771 355 25.

2267 296 2389 359 177

240 481 308 536 ut
336 473 522 554 gloria
552 474 782 549 divitiis,
812 474 1116 555 vectigalia
1144 475 1372 536 urbana
1399 474 1657 537 rusticis.
1710 474 1799 535 Ex
1831 493 1948 554 quo
1981 493 2201 554 genere
2232 493 2395 535 eom·
2438 485 2500 537 89

243 559 573 640 parationis
611 560 755 620 illud
803 567 892 621 est
923 559 1162 621 Catonis
1191 560 1384 623 senis:
1420 579 1452 620 a
1484 579 1602 639 quo
1636 578 1773 621 cum
1804 568 2219 640 quaereretur,
2252 560 2396 639 quid

245 663 519 706 maxume
563 644 624 705 in
671 664 737 706 re
780 644 1049 706 familiari
1094 646 1427 724 expediret,
1473 645 1813 725 respondit:
1889 644 2068 707 ‘Bene
2111 643 2396 725 pascere?

247 729 423 801 ‘Quid
446 730 775 792 secundum
791 728 840 791 Τ
865 729 1038 792 ‘Satis
1055 730 1212 794 bene
1230 730 1514 811 pascere)
1565 728 1744 803 ‘Quid
1768 728 2068 793 ternum?
2100 729 2225 792 ‘Vel
2248 729 2400 793 male

186 824 219 875 5
241 815 511 897 pascere!

574 814 748 887 ‘Quid
781 823 1057 897 quartum
1074 814 1124 876 ‘2’
1185 816 1422 877 ‘Arare.’
1453 815 1530 876 Et
1559 835 1696 877 cum
1727 816 1822 877 ille
1840 863 1854 891 ,
1903 815 2005 896 qui
2048 815 2396 896 quaesierat,

249 900 516 963 dixisset:
577 900 754 973 ‘Quid
812 898 1170 963 faenerari‘f’
1229 910 1358 964 tum
1404 901 1544 963 Cato
1591 900 1766 973 ‘Quid
1824 899 2147 962 hominem'
2203 900 2401 979 inquit

249 987 537 1047 ‘occidere
554 984 603 1047 ‘2’
633 986 724 1047 Ex
755 1005 875 1066 quo
907 994 968 1048 et
995 986 1197 1048 multis
1226 987 1353 1050 aliis
1383 987 1647 1067 intellegi
1677 986 1853 1047 debet
1881 986 2201 1048 utilitatum
2231 1004 2396 1047 eom-

246 1072 585 1151 parationes
634 1071 764 1133 fieri
814 1072 1005 1134 solere
1055 1078 1335 1152 reeteque
1386 1073 1502 1134 hoe
1553 1071 1898 1134 adiunctum
1941 1090 2069 1134 esse
2122 1079 2398 1152 quartum

248 1157 752 1236 exquirendorum
783 1157 1116 1219 officiorum
1145 1176 1353 1238 genus.
1376 1156 1625 1236 Reliqua
1647 1157 1930 1237 deinceps
1950 1174 2398 1237 persequemur.

249 1324 601 1445 zuherggnzen
633 1325 904 1460 {aggaeo
951 1329 1030 1375 est
1064 1340 1274 1393 compa-

247 1407 314 1443 ra
360 1407 407 1443 o.
485 1432 497 1444 .
532 1407 597 1445 zu
772 1434 784 1446 .

321 1498 365 1547 1.
392 1494 683 1559 vectigalia
705 1497 935 1562 urbana,
956 1495 1273 1549 Einnahmen

250 1577 342 1615 aus
365 1562 738 1616 vermietheten
755 1562 1001 1629 Hausern,
1021 1564 1274 1617 Fabriken

254 1629 378 1682 oder
391 1629 848 1684 kaufmfinnisehen
858 1630 1273 1699 Speculationen‚

252 1698 356 1750 wie
380 1699 454 1751 sie
479 1698 675 1751 damals
697 1699 828 1751 auch
852 1698 1010 1752 Lente
1040 1714 1133 1753 aus
1159 1699 1274 1753 dem

251 1767 619 1820 vornehmsten
642 1765 836 1819 Stande
871 1766 1009 1821 offen
1038 1767 1161 1821 oder
1184 1784 1277 1821 un-

252 1839 332 1887 ter
385 1833 475 1888 der
524 1833 673 1886 Hand
724 1834 1006 1888 betrieben.
1078 1834 1130 1889 S.
1174 1851 1223 1891 z.
1256 1836 1277 1886 1

254 1901 287 1969 ᾗ
329 1905 443 1955 151.
478 1901 617 1955 Plut.
636 1901 801 1955 Crass
822 1906 867 1956 2.
888 1902 1015 1971 Nep.
1036 1903 1194 1957 Attie.
1216 1908 1277 1958 14

254 1969 432 2021 nullos
470 1972 661 2022 habuit
693 1972 879 2023 hortos
911 2000 980 2009 —
1015 1989 1082 2024 ne
1116 1988 1186 2024 ue
1219 1977 1278 2023 in

252 2038 416 2090 Italia
428 2041 973 2105 praeterArretinum
990 2046 1044 2092 et
1103 2057 1280 2093 omen-

253 2112 439 2159 tanum
471 2111 737 2160 rusticum
764 2110 1051 2176 praedium
1085 2113 1281 2161 omnis·

252 2173 356 2241 que
390 2179 503 2228 eius
529 2180 795 2243 pecuniae
827 2179 1035 2230 reditus
1071 2183 1279 2230 consta-

254 2246 347 2295 bat
381 2247 442 2296 in
476 2245 770 2312 Epiroticis
805 2252 858 2299 et
890 2249 1116 2300 urbanis
1156 2263 1279 2316 poe-

250 2315 585 2364 sessionibus.

327 2400 374 2450 3.
403 2413 657 2464 pascere:
692 2397 981 2451 Viehzueht
1016 2400 1231 2453 treiben.

325 2487 372 2537 4.
417 2482 562 2547 Quid
594 2484 844 2534 tertium?
885 2483 987 2535 Vel
1016 2483 1157 2535 male
1185 2499 1282 2550 pa-

254 2567 413 2603 scere.
484 2548 636 2603 Diese
672 2550 851 2604 Worte
887 2550 1060 2603 fehlen
1093 2552 1146 2602 in
1183 2550 1283 2603 den

256 2619 404 2672 Hdss.
457 2617 543 2672 Sie
567 2618 738 2672 lassen
764 2618 874 2671 sich
911 2620 1165 2686 erganzen
1189 2635 1284 2672 aus

258 2687 453 2740 Colum.
476 2686 511 2739 l.
533 2685 600 2737 VI
623 2687 800 2755 praef„
837 2703 921 2740 wo
947 2687 1183 2740 dasselhe
1208 2702 1286 2739 er-

258 2754 398 2807 zfihlt
424 2752 576 2806 wird:
612 2761 676 2807 ut
708 2758 871 2807 etiam
903 2755 974 2808 M.
1005 2755 1135 2807 Cato
1172 2771 1285 2807 ere·

259 2823 415 2887 didit,
440 2825 536 2888 qui
558 2824 875 2890 consulenti,
894 2839 1054 2890 quam
1067 2828 1284 2891 partem

373 4071 465 4114 Cic.
490 4069 546 4113 de
574 4069 752 4114 officiis.
803 4072 842 4114 5.
872 4071 986 4114 Aust.

1374 1327 1459 1375 rei
1509 1327 1743 1376 rusticae
1795 1325 2094 1376 exercendo
2160 1324 2402 1376 celeriter

1378 1392 1702 1460 locupletari
1749 1398 1950 1459 posset,
2000 1393 2306 1459 respondit,
2353 1395 2403 1443 ei

1376 1463 1507 1512 bene
1533 1465 1814 1528 pasceret3
1846 1476 2139 1527 rursusque
2170 1463 2403 1512 interro—

1369 1533 1535 1597 ganti
1548 1568 1565 1595 ,
1601 1530 1734 1595 quid
1765 1530 1956 1581 deinde
1985 1527 2238 1591 faciendo
2272 1531 2405 1581 satis

1376 1600 1564 1649 uberet
1603 1597 1819 1659 fruetus
1860 1603 2213 1665 percepturus
2257 1602 2403 1664 esset,

1377 1664 1698 1731 affirmavit,
1714 1668 1765 1715 si
1785 1666 2128 1718 mediocriter
2146 1671 2404 1732 pasceret.

1380 1734 1624 1786 Ceterum
1683 1734 1749 1785 de
1816 1739 1924 1784 tam
1989 1735 2228 1800 sapiente
2285 1735 2401 1784 viro

1370 1805 1528 1869 piget
1568 1802 1774 1866 dicere,
1828 1801 1974 1866 quod
2017 1816 2137 1851 eum
2184 1800 2405 1866 quidam

1379 1874 1630 1922 auctores
1671 1873 1998 1935 memorant,
2043 1869 2211 1920 eidem
2246 1884 2405 1938 quae-

1377 1941 1547 2003 renti,
1598 1937 1858 2004 quidnam
1900 1939 2120 1989 tertium
2151 1935 2221 1988 'in
2253 1939 2405 2003 agri-

1378 2006 1645 2059 colatione
1675 2011 2052 2071 quaestuosum
2085 2005 2234 2072 esset,
2268 2022 2406 2056 asse-

1379 2091 1604 2140 verasse,
1637 2077 1687 2126 ei
1709 2076 1829 2140 quis
1860 2074 1946 2125 vel
1975 2073 2114 2125 male
2143 2078 2405 2141 pasceret.

1379 2140 1583 2195 Andere
1600 2142 1794 2195 wollen
1818 2141 2108 2195 schreiben:
2134 2142 2286 2208 ‘quid
2304 2146 2408 2193 ter-

1379 2213 1566 2264 tium?
1590 2212 1818 2263 ‘Arai-e?
1842 2210 2069 2263 Seitdem
2088 2209 2171 2263 die
2183 2209 2408 2263 Bauern-

1382 2281 1568 2335 stellen
1621 2280 1766 2332 mehr
1815 2279 1922 2333 und
1967 2279 2110 2332 mehr
2155 2295 2258 2333 von
2306 2278 2405 2332 den

1382 2363 1596 2415 grossen
1632 2348 1824 2400 Gfitern
1865 2346 2142 2414 verdriingt
2177 2347 2405 2413 wurden‚

1383 2415 1467 2468 die
1502 2415 1598 2468 mit
1619 2415 1772 2467 Hfilfe
1801 2431 1905 2468 von
1932 2414 2405 2468 Sklavenschaaren

1383 2482 1831 2536 bewirthsehaftet
1874 2482 2113 2546 wurden,
2163 2498 2272 2535 war
2318 2483 2408 2536 der

1381 2550 1655 2604 Ackerbau
1689 2550 1888 2603 minder
1923 2549 2151 2616 ergiebig
2187 2551 2264 2602 als
2291 2549 2405 2602 Oel-

1383 2618 1489 2672 und
1513 2618 1766 2671 Weinbau
1791 2617 1897 2671 und
1919 2617 2229 2670 namentlich
2253 2617 2409 2670 Vieh-

1383 2687 1555 2752 zucht‚
1589 2686 1759 2739 zumal
1785 2685 1877 2739 das
1901 2683 2137 2738 Getreide
2161 2702 2266 2739 von
2292 2701 2409 2738 aus-

1385 2756 1544 2808 wiirts
1601 2755 1806 2822 billiger
1865 2754 2156 2821 eingeffihrt
2220 2754 2297 2807 als
2354 2754 2410 2806 in

1384 2823 1566 2876 ltalien
1600 2823 1892 2892 produciert
1929 2821 2122 2876 wurde.

1946 4044 2007 4094 12
