2813 4537
230 1202 290 1254 10

979 255 1063 308 DE
1101 254 1360 308 OFFIGIIS
1395 255 1514 309 Lm.
1534 254 1590 308 11.
1646 255 1786 309 cAP.
1806 258 1858 313 9.
2358 253 2473 315 141

331 427 564 509 capitur
592 426 897 489 beneflciis
925 428 1204 502 maxime,
1247 428 1510 490 secundo
1551 436 1747 490 autem
1777 427 1909 490 loco
1945 428 2267 506 [voluntate
2295 428 2482 494 bene-

330 514 441 575 fica
471 511 880 575 benevolentia
909 515 1196 589 movetur]
1213 558 1230 588 ,
1274 513 1451 576 etiam
1480 513 1531 574 si
1559 532 1655 576 res
1692 513 1846 574 forte
1887 531 2010 575 non
2042 513 2338 595 suppetit,
2382 534 2481 575 ve-

331 598 642 660 hementer
672 616 839 661 amor
866 597 1264 661 multitudinis
1294 608 1699 661 commovetur
1725 599 1854 679 ipsa
1896 600 2048 660 fama
2092 609 2151 661 et
2194 599 2481 680 opinione
2581 649 2586 658 .

331 682 695 746 liberalitatis
733 683 1157 746 beneficentiae
1175 730 1192 757 ‚
1237 683 1499 746 iustitiae
1542 684 1678 745 fidei
1715 683 2102 764 omniumque
2132 703 2332 746 earum
2363 685 2480 747 vir-

329 776 520 830 tutum
539 814 555 844 ,
600 787 751 849 quae
781 769 1084 850 pertinent
1109 770 1182 830 ad
1213 768 1727 830 mansuetudinem
1763 787 1996 831 morum
2025 787 2095 831 ac
2124 768 2481 832 facilitatem.

330 852 567 916 Etenim
595 854 740 915 illud
771 853 1000 935 ipsum,
1042 854 1203 934 quod
1231 855 1547 916 honestum
1579 855 1982 934 decorumque
2014 854 2297 929 dicimus,
2343 856 2482 934 quia

331 957 442 1020 per
470 958 533 1000 se
564 937 739 1001 nobis
766 939 961 1020 placet
988 939 1339 1019 animosque
1369 939 1635 1001 omnium
1661 948 1866 1001 natura
1891 946 1950 1001 et
1969 939 2168 1020 specie
2187 958 2294 1001 sua
2316 958 2481 1002 com-

330 1033 526 1085 movet
555 1022 923 1105 maximeque
955 1024 1121 1105 quasi
1153 1024 1422 1106 perlucet
1450 1043 1521 1085 ex
1549 1024 1642 1100 iis,
1682 1042 1831 1104 quas
1860 1025 2334 1100 commemoravi,
2365 1025 2481 1087 vir-

332 1109 583 1181 tutibus,
611 1109 832 1171 idcirco
861 1109 1030 1184 illos,
1059 1110 1122 1171 in
1154 1108 1372 1189 quibus
1401 1128 1501 1171 eas
1528 1109 1772 1171 virtutes
1799 1128 1927 1171 esse
1957 1128 2176 1186 remur,
2206 1129 2240 1171 a
2271 1118 2481 1172 natura

333 1193 461 1274 ipsa
502 1194 746 1274 diligere
788 1195 1075 1274 cogimur.
1147 1195 1341 1275 Atque
1382 1197 1494 1257 hae
1530 1195 1764 1275 quidem
1796 1213 2007 1257 causae
2034 1195 2320 1274 diligendi
2349 1213 2482 1274 gra-

332 1278 634 1341 vissimae:
666 1288 919 1361 possunt
947 1280 1107 1342 enim
1137 1290 1440 1361 praeterea
1471 1299 1594 1341 non
1625 1280 1825 1341 nullae
1851 1299 1984 1342 esse
2012 1280 2280 1342 leviores.

502 1364 676 1426 Fides
705 1374 900 1430 autem
931 1378 994 1428 ut
1024 1364 1309 1427 habeatur
1337 1364 1570 1428 duabus
1598 1364 1777 1427 rebus
1805 1365 1962 1427 effici
1998 1373 2223 1446 potest:
2267 1365 2317 1427 si
2359 1364 2483 1426 exi-

333 1448 704 1512 stimabimur
746 1452 943 1533 adepti
993 1450 1373 1513 coniunctam
1428 1469 1563 1513 cum
1616 1449 1924 1512 iustitia
1967 1450 2480 1532 prudentiam.

332 1532 476 1595 Nam
510 1545 570 1596 et
597 1534 669 1596 iis
698 1536 874 1597 fidem
905 1536 1221 1612 habemus,
1258 1555 1412 1618 quos
1441 1537 1576 1617 plus
1603 1535 1947 1615 intellegere
1976 1554 2155 1617 quam
2186 1554 2298 1598 nos
2325 1536 2482 1599 arbi-

331 1628 557 1682 tramur
585 1639 856 1701 quosque
886 1630 947 1683 et
975 1622 1173 1683 futura
1204 1622 1547 1702 prospicere
1578 1621 1872 1683 credimus
1899 1631 1988 1695 et,
2031 1640 2168 1684 cum
2207 1640 2306 1684 res
2344 1640 2483 1701 aga-

329 1712 429 1766 tur
467 1706 531 1766 in
571 1705 1011 1787 discrimenque
1052 1714 1293 1768 ventum
1336 1707 1445 1780 sit,
1490 1706 1765 1786 expedire
1804 1724 1931 1767 rem
1976 1716 2036 1767 et
2065 1705 2381 1769 consilium
2411 1725 2484 1768 ex

329 1800 598 1871 tempore
629 1809 840 1872 capere
869 1810 1082 1873 posse:
1112 1792 1267 1853 hanc
1296 1792 1455 1853 enim
1487 1791 1694 1853 utilem
1722 1790 1995 1852 homines
2024 1791 2357 1853 existimant
2383 1810 2482 1852 ve-

329 1891 578 1955 ramque
621 1876 1017 1957 prudentiam.
1090 1876 1272 1939 Iustis
1312 1884 1513 1939 autem
1557 1878 1640 1954 [et
1682 1875 1834 1953 fidis]
1875 1875 2249 1952 hominibus,
2289 1876 2353 1938 id
2397 1886 2488 1938 est

406 2028 447 2078 1.
501 2026 778 2078 voluntate
807 2027 1045 2091 benefica
1079 2028 1149 2080 ist
1173 2033 1356 2095 gesagt

327 2093 430 2145 wie
468 2097 682 2160 sapiens
715 2100 1012 2163 excusatio,
1052 2095 1199 2158 forte
1234 2112 1359 2148 eon-

324 2162 540 2228 silium,
593 2168 994 2216 amantissimus
1023 2180 1197 2216 sermo
1236 2164 1359 2230 (Na-

329 2229 573 2308 gelsbach
610 2230 700 2285 lat.
726 2231 843 2287 Stil.
868 2250 920 2314 p.
945 2236 1079 2300 194),
1116 2232 1358 2301 obgleich

329 2311 402 2348 un
458 2298 798 2365 allgemeinen
850 2303 934 2354 die
968 2302 1205 2354 Lateiner
1252 2302 1358 2354 viel

331 2364 556 2417 seltener
606 2365 860 2435 derartige
910 2370 1209 2435 Adjective,
1272 2369 1356 2422 die

330 2447 427 2485 nur
456 2432 539 2486 die
557 2433 891 2501 Eigenscbast
925 2438 1067 2490 eines
1101 2437 1353 2489 lebenden

329 2500 550 2555 Wesens
566 2503 881 2557 bezeichnen
898 2503 1131 2571 konnen,
1155 2504 1250 2556 mit
1268 2506 1357 2557 ab·

329 2572 555 2642 stracten
577 2571 836 2639 Begriffen
870 2572 1172 2627 verbinden.
1218 2572 1357 2625 Aber

330 2639 623 2705 beneficus,
660 2640 934 2693 woblthati
984 2681 998 2707 ,
1047 2641 1187 2692 kann
1223 2640 1356 2692 doch

330 2721 427 2757 nur
449 2707 541 2759 der
563 2715 789 2774 genannt
813 2724 920 2762 wer
956 2723 1022 2761 en
1036 2749 1049 2774 ‚
1090 2707 1180 2761 der
1202 2707 1358 2760 witk-

330 2772 435 2824 lich
455 2774 790 2829 Wohlthaten
825 2777 1052 2842 erweist,
1089 2777 1232 2828 nicht
1267 2775 1358 2829 der

329 2841 406 2893 sie
440 2842 558 2896 blos
595 2845 846 2898 erweisen
883 2846 1017 2912 will,
1053 2847 1176 2899 aber
1213 2844 1356 2897 nicht

331 2907 484 2963 kann.
555 2911 657 2964 Das
692 2912 842 2967 Wort
876 2919 1022 2982 passt
1067 2913 1178 2966 also
1215 2913 1357 2967 nicht

331 2992 396 3029 zu
432 2979 698 3033 voluntas.
766 2980 1045 3035 Ueberdies
1078 2980 1238 3034 leidet
1272 2981 1355 3034 die

331 3043 495 3099 Stelle
545 3064 610 3101 an
665 3049 805 3102 einer
851 3049 1147 3118 autlalligen
1194 3049 1356 3102 Weit·

329 3114 725 3183 schweifigkeit.
795 3117 914 3170 Man
958 3120 1175 3171 beachte
1217 3134 1358 3185 quae

331 3186 609 3249 capitur-
632 3187 999 3238 benevolentia
1031 3192 1275 3238 movetur
1324 3215 1356 3224 -

331 3258 706 3306 commovetur.
758 3254 974 3307 Endlich
1008 3255 1077 3308 ist
1113 3254 1199 3306 die
1230 3254 1357 3307 Ver-

331 3315 564 3387 bindung
620 3322 960 3389 mangelhaft3
1030 3322 1166 3375 deun
1223 3322 1356 3375 auch

329 3392 527 3453 autem,
564 3388 656 3441 das
680 3389 763 3442 die
798 3392 1015 3444 meisten
1035 3389 1186 3444 Hdss.
1222 3391 1357 3443 nach

330 3458 663 3509 vehementer
679 3459 1026 3523 einschieben,
1045 3459 1188 3525 giebt
1201 3458 1356 3511 keine

327 3523 647 3579 rhetorische
717 3525 1055 3594 Gliederung,
1128 3527 1191 3579 da
1263 3525 1354 3579 das

330 3593 516 3647 zweite
540 3594 690 3647 Glied
723 3595 818 3649 mit
851 3597 1082 3648 seeundo
1116 3600 1295 3647 autem
1320 3594 1353 3650 l.

330 3658 624 3726 eingeft'ihrt
692 3663 790 3727 ist,
860 3664 966 3716 und
1022 3667 1356 3716 vehementer

332 3743 486 3779 amor
518 3736 616 3784 cet.
678 3731 812 3784 doch
862 3732 1041 3785 immet
1093 3749 1190 3785 nur
1240 3732 1354 3784 eine

330 3795 663 3866 Ausffihrnng
674 3799 780 3852 und
790 3799 1139 3867 Begrundung
1148 3815 1254 3853 von
1268 3816 1357 3851 vo-

333 3863 540 3916 luntate
559 3897 595 3905 -
608 3873 853 3919 movetur
875 3868 1140 3921 euthalten
1162 3868 1357 3921 wurde.

328 3937 509 3986 autem
529 3934 660 3988 fehlt
677 3936 917 3989 iiberdies
946 3937 999 3989 in
1026 3941 1185 4003 guten
1203 3934 1353 3990 ndss.

1457 2026 1553 2079 Mit
1607 2025 1773 2078 Recbt
1823 2026 1938 2084 bat*
1964 2025 2120 2080 daher
2172 2025 2381 2106 Sauppe
2431 2026 2485 2078 in

1459 2096 1560 2147 vol.
1596 2093 1769 2156 benef:
1805 2097 1983 2146 benev.
2005 2101 2251 2147 movet-ur
2284 2096 2367 2149 dte
2388 2094 2487 2146 Be-

1458 2162 1710 2230 merknng
1745 2163 1887 2216 eines
1911 2163 2091 2217 Lesers
2126 2163 2357 2228 erlmnnt,
2393 2162 2487 2215 der

1459 2232 1570 2286 sich
1604 2231 1703 2284 den
1727 2230 1895 2287 Inhalt
1929 2231 2021 2285 des
2047 2232 2382 2286 Abschnittes
2417 2247 2485 2284 an
2520 2238 2526 2243 ’
2581 2314 2589 2320 .

1459 2301 1559 2354 den
1592 2300 1738 2353 Rand
1769 2301 2073 2354 vermerkte.

1530 2372 1579 2422 5.
1627 2384 1766 2434 quae
1804 2372 2082 2434 pertinent
2124 2370 2200 2420 ad
2240 2385 2487 2421 mansue-

1459 2436 1701 2486 tudinem
1734 2451 1974 2487 morum.-
2009 2436 2151 2489 diese
2185 2435 2485 2502 Tugenden‚

1457 2503 1744 2568 modestia,
1816 2508 2194 2570 temperantia,
2272 2507 2487 2556 iustitia

1461 2569 1672 2623 werden
1707 2570 1920 2623 deshalb
1944 2571 1965 2623 1
1998 2572 2118 2638 §46
2155 2574 2382 2624 virtutes·
2416 2572 2488 2623 le-

1459 2655 1642 2761 mn?
1656 2643 1918 2759 fixum·-
1962 2707 2078 2760 dem
2114 2711 2168 2758 et
2200 2707 2485 2775 entspricht

1459 2779 1619 2827 iustis
1651 2780 1860 2839 autem,-
1895 2791 1935 2829 s.
1972 2776 1993 2827 1
2030 2775 2130 2843 ὅθ.
2167 2779 2278 2829 155.

1527 2844 1840 2910 intellegere
1874 2844 2176 2897 bezeichnet
2210 2843 2293 2896 die
2327 2843 2488 2911 mug-

1459 2912 1569 2965 heit
1603 2913 1673 2964 im
1710 2912 2079 2979 allgemeinen,
2131 2911 2327 2975 summ
2357 2928 2487 2979 pro·

1456 2984 1661 3048 spicere
1694 2980 1800 3033 und
1836 2982 2124 3033 consilium
2156 2998 2227 3033 σω
2251 2986 2487 3047 tempore

1461 3066 1652 3117 capere
1677 3049 1788 3101 ihre
1813 3048 1999 3102 beiden
2016 3048 2324 3108 Unterarten
2351 3044 2484 3120 πρό-

1460 3136 1586 3170 νοια
1620 3116 1726 3170 und
1758 3111 2008 3188 ἀγχίνοια
2018 3137 2040 3181 ,·
2076 3132 2118 3171 ε.
2157 3133 2204 3171 z.
2238 3115 2259 3167 1
2295 3132 2338 3168 c.
2365 3119 2414 3169 6.

1531 3189 1612 3239 16.
1648 3186 1904 3252 eoepedire
1935 3202 2075 3250 rem,
2113 3184 2349 3238 dasselbe
2384 3184 2486 3236 wie

1459 3254 1738 3320 explicare
1770 3269 1885 3305 rem
1917 3252 1939 3305 l
2026 3256 2109 3307 83.

1536 3326 1612 3375 17.
1666 3323 1919 3373 homines.
2032 3321 2081 3373 ie
2114 3320 2359 3389 Meinung
2395 3320 2485 3374 der

1459 3388 1644 3456 Menge
1692 3388 1824 3441 wird
1870 3390 1961 3443 der
1997 3389 2088 3443 des
2123 3390 2330 3443 Weisen
2370 3393 2485 3442 ent-

1458 3463 1847 3578 ffiegengesetzt,
1863 3459 1946 3511 ssu·
1962 3459 2194 3511 welchen
2212 3457 2296 3510 die
2309 3458 2483 3510 wahre

1504 3526 1705 3593 lugheit
1770 3526 1823 3578 in
1892 3526 1982 3579 der
2039 3524 2484 3592 Unterscheidung

1457 3595 1718 3648 zwischen
1753 3594 1857 3647 Gut
1890 3595 1996 3649 und
2029 3593 2165 3648 Bose
2199 3593 2423 3647 besteht.

1530 3666 1609 3718 18.
1647 3669 1701 3714 et
1728 3663 1870 3726 fidis.
1932 3662 2041 3715 Nur
2074 3678 2179 3715 von
2211 3661 2484 3719 demEin-

1459 3731 1586 3784 ssuss
1634 3731 1724 3784 der
1757 3731 2005 3798 Klugheit
2048 3730 2153 3783 und
2188 3729 2485 3798 Gerechtig-

1458 3798 1570 3852 keit
1617 3799 1729 3850 will
1776 3799 1878 3851 Cic.
1925 3799 2203 3866 spi-echon,
2258 3804 2313 3850 et
2356 3800 2484 3862 fidis

1459 3868 1644 3933 gehort
1669 3866 1883 3920 deshalb
1910 3867 2052 3920 nicht
2079 3867 2133 3920 in
2158 3867 2257 3920 den
2274 3867 2486 3920 Zusam-

1457 3936 1730 4004 menhang.
1766 3934 1941 3990 Schon
1956 3936 2048 3990 der
2063 3934 2335 4005 Ausdruck
2354 3935 2484 3998 fidia
