2813 4537
100 1253 157 1304 10

100 1679 153 1730 15

823 293 908 347 DE
946 293 1207 349 omnus
1241 294 1359 351 ΠΒ.
1394 296 1432 351 1.
1503 297 1645 352 cAP.
1682 301 1732 353 2.
2281 294 2361 356 35

200 468 551 551 disciplinae
573 469 773 549 igitur,
803 468 855 531 si
884 468 997 532 sihi
1027 478 1462 533 consentaneae
1491 470 1672 533 velint
1699 489 1848 547 esse,
1879 472 1951 534 de
1981 472 2182 534 officio
2216 471 2363 534 nihil
2437 478 2442 485 ‘

201 564 429 636 queant
468 554 683 631 dicere,
728 572 925 637 neque
963 554 1083 617 ulla
1128 554 1310 618 offleii
1354 566 1666 639 praecepta
1715 559 1904 633 firma,
1936 557 2183 632 stabilia,
2213 574 2362 619 oon-

200 643 407 703 iunota
438 648 684 702 naturae
711 641 860 703 tradi
888 649 1143 722 possunt.
1172 641 1288 703 nisi
1316 651 1422 706 aut
1448 642 1523 704 ab
1552 642 1645 719 iis,
1675 642 1779 724 qui
1809 644 2016 719 solam,
2046 653 2148 705 aut
2169 642 2241 705 ab
2264 642 2357 716 iis,

204 726 309 807 qni
340 726 594 788 maxime
622 727 998 788 honestatem
1028 735 1274 808 propter
1302 747 1366 790 se
1394 727 1595 791 dicant
1624 730 2027 810 expetendam.
2103 728 2188 790 Ita
2217 746 2360 810 pro-

201 812 332 893 pria
374 821 464 874 est
504 830 572 874 ea
613 811 953 894 praeceptio
996 812 1371 889 Stoicorum,
1403 814 1907 889 Academicorum,
1938 813 2359 895 Peripatetico-

199 914 358 971 rum,
403 897 685 978 quoniam
728 898 1042 973 Aristonis,
1084 897 1431 978 PyrrhoniS,
1475 898 1642 961 Erilli
1686 899 1802 962 iam
1842 899 2070 981 pridem
2120 898 2359 981 explosa

200 983 492 1045 sententia
521 992 632 1057 est,
669 983 770 1065 qui
801 991 995 1046 tamen
1026 983 1325 1046 haberent
1341 986 1437 1048 ius
1463 998 1639 1048 suum
1668 985 2006 1067 disputandi
2034 984 2108 1047 de
2139 984 2357 1058 officio,

199 1069 250 1130 si
277 1084 480 1131 rerum
508 1068 768 1149 aliquem
796 1069 1080 1131 dilectum
1108 1069 1507 1151 reliquissent,
1545 1080 1611 1133 ut
1638 1071 1711 1133 ad
1742 1070 1922 1132 offleii
1953 1070 2364 1157 inventionem!

199 1154 396 1217 aditus
436 1162 609 1216 esset.
698 1154 1030 1235 Sequemur
1069 1155 1253 1235 igitur
1290 1156 1408 1219 hoo
1450 1156 1690 1237 quidem
1728 1164 1997 1238 tempore
2042 1163 2102 1217 et
2141 1156 2254 1218 hac
2293 1155 2368 1216 in·

200 1240 551 1321 quaestione
590 1240 970 1321 potissimum
999 1239 1253 1316 Stoicos,
1293 1261 1419 1304 non
1448 1251 1520 1304 ut
1543 1241 1922 1323 interpretes,
1953 1241 2076 1316 sed,
2107 1250 2173 1303 ut
2198 1240 2356 1302 sole·

199 1343 354 1400 mus,
384 1345 419 1387 e
448 1324 714 1387 fontibus
756 1344 959 1388 eorum
1003 1325 1222 1388 iudicio
1252 1328 1621 1408 arbitrioque
1651 1336 1855 1389 nostro
1887 1335 2174 1408 quantum
2205 1345 2355 1406 quo-

197 1430 315 1492 que
344 1412 523 1473 modo
552 1410 844 1474 videbitur
872 1411 1230 1474 hauriemus.

368 1496 568 1558 Placet
594 1497 796 1577 igitur,
828 1496 1110 1579 quoniam
1140 1497 1335 1559 omnis
1355 1496 1677 1579 disputatio
1701 1498 1774 1559 de
1797 1496 1994 1560 officio
2017 1496 2212 1559 futura
2244 1502 2353 1572 est,

195 1592 333 1645 ante
377 1581 644 1658 definire,
687 1583 829 1663 quid
870 1582 947 1645 sit
975 1582 1268 1645 officium:
1312 1584 1474 1665 quod
1502 1603 1535 1645 a
1565 1583 1842 1646 Panaetio
1873 1581 2352 1665 praetermissum

198 1687 329 1730 esse
377 1668 583 1729 miror.
672 1667 885 1730 Omnis
935 1669 1093 1730 enim
1145 1687 1295 1750 quae
1345 1668 1581 1731 ratione
1613 1668 1935 1749 suscipitur
1960 1668 2034 1729 de
2062 1667 2259 1749 aliqua
2287 1685 2353 1728 re

195 1752 490 1815 institutio
542 1751 718 1815 debet
760 1773 794 1815 a
839 1753 1183 1816 definitione
1227 1753 1547 1836 proficisci,
1590 1762 1659 1816 ut
1700 1753 2077 1832 intellegatur
2105 1750 2244 1834 quid
2277 1752 2355 1813 sit

266 1889 315 1939 2.
343 1889 637 1937 coniuncta
653 1891 888 1938 naturae
905 1911 972 1933 ...
990 1892 1224 1939 naturae

199 1957 599 2019 convenientia,
682 1954 799 2007 dem
870 1954 1062 2008 Wesen
1132 1955 1224 2008 der

198 2022 585 2076 mensehlichen
619 2022 783 2077 Natur
824 2023 929 2076 und
976 2023 1066 2077 der
1100 2023 1226 2076 Ver-

196 2089 348 2144 nunft
388 2091 780 2159 entspreehend,
821 2085 1225 2164 ὁμολογούμενα

196 2153 375 2228 φύσει.
448 2175 489 2211 s.
527 2158 656 2212 Einl.
693 2158 728 2228 ξ
767 2163 845 2213 14.

264 2231 313 2281 3.
351 2229 418 2280 ab
454 2230 526 2279 iis
562 2231 657 2294 qui
678 2227 867 2296 solam,
902 2227 986 2283 die
1017 2226 1226 2282 Stoiker

196 2302 297 2348 aut
313 2325 351 2334 —
377 2301 475 2363 qui
489 2299 742 2364 maxime,
761 2298 1074 2353 namentlich
1086 2296 1224 2351 Aka-

195 2363 428 2417 demiker
449 2365 553 2417 und
572 2364 963 2434 Peripatetiker.
1017 2366 1235 2419 Ebenso·

194 2433 258 2485 (le
295 2432 396 2500 leg.
433 2433 454 2485 Ι
491 2435 570 2500 13,
607 2437 688 2487 37.

261 2505 313 2555 4.
351 2506 450 2565 ita,
469 2501 806 2570 (lemgemfiss,
825 2502 900 2622 51¹1
912 2505 943 2554 0
962 2505 1043 2554 ita
1061 2517 1221 2569 quam

192 2571 288 2621 ille
314 2570 602 2636 triplicem.
636 2570 701 2623 de
725 2569 813 2625 fin.
930 2572 1008 2633 18,
1034 2572 1100 2623 59
1135 2574 1221 2621 ita

190 2644 272 2690 est
323 2639 594 2704 quoddam
646 2651 925 2690 commune
974 2637 1221 2702 officium

190 2712 989 2844 ἀςῖᾟίῗηὲἒηέὖΐῗιΐῆἰῃ
1022 2774 1194 2825 Enni
1204 2794 1224 2824 .-

191 2842 586 2906 defin.1113,43
607 2859 747 2912 quae
759 2845 1223 2911 (ea‚quaepn'ma

192 2917 401 2963 natura
424 2915 771 2980 approbavit)
809 2912 955 2978 quod
973 2913 1226 2962 Aristoni

192 2986 247 3031 et
267 2982 548 3047 Pyrrhoni
583 2984 800 3031 omnino
833 2983 951 3031 visa
972 2985 1101 3031 sunt
1115 2993 1223 3047 pro

190 3048 399 3113 nihilo,
442 3054 507 3100 ut
541 3053 690 3101 inter
722 3052 922 3116 optime
957 3049 1137 3101 valere
1171 3053 1226 3099 et

186 3119 513 3183 gravissime
530 3122 819 3184 aegrotare
835 3117 980 3169 nihil
989 3132 1223 3184 prorsus

192 3185 717 3252 dicerentinteresse,
733 3191 878 3237 recte
886 3189 997 3237 iam
1006 3186 1219 3253 pridem

192 3258 390 3304 eontra
425 3269 512 3304 eos
546 3254 777 3306 desitum
820 3261 900 3307 est
930 3254 1219 3321 disputari.

189 3322 337 3372 Dum
357 3325 499 3373 enim
515 3326 576 3373 in
593 3338 707 3374 una
724 3326 930 3375 virtute
942 3325 1021 3373 sie
1038 3325 1220 3373 omnia

191 3406 304 3441 esse
339 3391 626 3442 voluerunt
674 3396 740 3443 ut
773 3407 890 3443 eam
924 3403 1107 3443 rerum
1142 3407 1220 3442 ee-

191 3459 426 3510 leotione
458 3430 826 3526 exspoliarent
851 3479 921 3509 —.·
965 3462 1219 3511 virtutem

192 3531 367 3593 ipsam
383 3565 396 3591 ‚
435 3543 597 3593 quam
632 3528 1102 3595 amplexabantur,
1132 3544 1220 3578 su-

187 3595 477 3646 stater-une.
523 3596 733 3647 Erillus
754 3601 933 3647 autem
956 3595 1032 3647 ad
1048 3599 1220 3647 seien-

189 3665 327 3713 tiam
353 3665 535 3714 omnia
557 3680 817 3715 revocans
848 3679 1016 3715 unum
1053 3665 1221 3730 quod-

191 3732 319 3782 dam
338 3733 535 3783 bonum
553 3732 707 3798 vidit,
729 3733 825 3785 sed
838 3748 936 3784 nec
956 3735 1219 3799 optimum

187 3815 291 3851 nec
347 3815 455 3867 quo
513 3803 626 3852 vita
677 3803 984 3867 gubernari
1026 3803 1218 3868 possit.

188 3868 385 3935 Itaque
435 3870 525 3919 hic
576 3872 690 3935 ipse
739 3872 852 3920 iam
888 3869 1106 3937 pridem
1143 3874 1223 3920 eet

186 3940 439 4004 reiectus,
485 3942 616 4004 post
666 3941 807 3988 enim
861 3938 1217 4006 Chrysippum

187 4021 302 4057 non
333 4021 467 4057 eane
500 4012 582 4058 est
612 4006 957 4074 disputamm.
1017 4005 1218 4074 Pyrrho
1252 4009 1257 4014 ⁴

1323 1902 1430 1940 von
1463 1886 1573 1940 Elis
1587 1928 1600 1953 ,
1655 1886 1989 1954 Zeitgenosse
2035 1883 2350 1936 Alexander-s

1324 1955 1417 2008 des
1442 1955 1682 2023 Grossen‚
1707 1955 1950 2021 leugnete
1971 1953 2067 2005 mit
2090 1952 2181 2005 der
2202 1950 2350 2018 Mog-

1324 2024 1539 2076 liehkeit
1585 2023 1677 2076 des
1712 2021 2012 2076 Erkennens
2059 2020 2351 2087 uberhaupt

1324 2092 1409 2145 die
1429 2091 1875 2158 Unterseheidung
1892 2091 1985 2143 (les
2002 2088 2243 2142 Werthes
2261 2088 2352 2140 der

1324 2160 1421 2212 Din
1459 2176 1504 2214 e.
1559 2160 1651 2214 Die
1674 2153 1927 2214 ἀπάθεια
1951 2158 2042 2211 der
2066 2156 2232 2222 Seele,
2257 2156 2350 2209 das

1327 2229 1427 2283 Ιιόο
1465 2233 1545 2284 ste
1568 2228 1753 2297 Gliiek,
1787 2228 1983 2284 konnte
2013 2225 2144 2280 nach
2180 2225 2350 2279 seiner

1326 2298 1544 2351 Ansieht
1579 2315 1675 2351 nur
1697 2298 1787 2352 der
1810 2297 2087 2361 erreiohen,
2124 2295 2215 2348 der
2238 2295 2349 2346 sich

1362 2381 1495 2433 egen
1540 2365 1685 2419 Alles
1734 2365 2073 2434 gleichgultig
2111 2362 2346 2416 verhielt.

1397 2435 1499 2487 ‘sto
1523 2450 1628 2488 von
1646 2434 1818 2501 Chius,
1843 2433 2062 2487 Schuler
2083 2432 2174 2485 des
2192 2431 2348 2496 Zeno,

1323 2504 1448 2555 aber
1504 2504 1649 2556 mehr
1706 2502 1931 2571 Gyniker
1989 2501 2067 2554 als
2125 2498 2348 2563 Stoiker,

1322 2571 1567 2638 leugnete
1620 2570 1756 2623 allen
1809 2568 2148 2623 Untersehied
2197 2572 2350 2620 unter

1322 2639 1423 2692 den
1445 2633 1762 2711 ἀδιαφόροις
1784 2644 1844 2698 (s.
1869 2636 2000 2690 Einl.
2028 2638 2061 2702 5
2086 2637 2192 2702 22),
2216 2635 2348 2687 auch

1323 2723 1379 2759 er
1412 2706 1608 2761 konnte
1643 2707 1754 2760 also
1800 2705 1891 2758 der
1928 2699 2183 2758 hochsten
2219 2701 2348 2755 Vor-

1322 2775 1505 2828 schrift
1517 2774 1824 2842 tugendhaft
1836 2791 1899 2828 zu
1915 2772 2141 2826 handeln
2157 2770 2347 2824 keineu

1321 2843 1496 2896 realen
1541 2843 1708 2897 luhalt
1755 2844 1938 2911 geben.
2009 2840 2115 2894 Aus
2158 2839 2348 2892 Erillus

1323 2912 1574 2980 dagegen,
1598 2913 1689 2965 der
1712 2911 2003 2980 gleichsalls
2022 2908 2236 2962 Sehfiler
2253 2908 2348 2961 des

1324 2980 1465 3033 Zeno
1499 2993 1624 3047 war,
1660 2985 1806 3049 passt
1839 2980 1951 3033 dies
1985 2978 2156 3043 nieht,
2191 2977 2256 3030 da
2291 2992 2348 3028 er

1324 3049 1493 3101 neben
1538 3048 1656 3101 dem
1698 3048 1904 3102 Wissen
1950 3047 2028 3100 als
2075 3046 2345 3098 hochstem

1324 3117 1516 3170 Zweelt
1540 3114 1728 3183 (τέλος)
1763 3118 1847 3170 ein
1883 3116 2098 3169 anderes
2122 3112 2345 3180 Prinoip,

1318 3178 1586 3305 ὖποτιῖλῐς,
1619 3186 1702 3238 fur
1734 3185 1827 3238 das
1862 3182 2156 3252 praktische
2175 3181 2344 3233 Leben

1319 3269 1451 3307 anna
1487 3267 1554 3307 m.
1853 3261 1860 3269 ’

1396 3326 1471 3375 14.
1493 3323 1639 3388 quod
1655 3339 1690 3373 a
1711 3321 2000 3374 Panaetio.-
2019 3316 2201 3371 s.Einl.
2259 3317 2342 3369 29.

1393 3393 1474 3443 15.
1507 3395 1738 3457 ratione,
1772 3386 2151 3459 systematiseh.
2235 3399 2345 3437 uso.

1318 3458 1386 3511 IV
1434 3462 1517 3525 38,
1571 3462 1635 3513 83
1695 3458 1885 3526 Itaque
1941 3472 2052 3509 non
2107 3452 2343 3516 fortuito

1315 3528 1526 3590 factum
1559 3528 1791 3593 videtur,
1844 3526 1939 3578 sed
1973 3541 2007 3577 a
2044 3527 2094 3575 te
2126 3525 2346 3573 ratione

1261 3617 1265 3622 ’
1312 3599 1670 3663 propositum.
1742 3596 1806 3649 de
1841 3594 1930 3647 fin.
1966 3593 1987 3645 l
2026 3594 2105 3657 10,
2142 3591 2207 3643 32
2250 3590 2345 3654 qui

1317 3668 1536 3717 ratione
1558 3667 1885 3733 voluptatem
1906 3665 2060 3743 sequi
2080 3657 2344 3711 nesciunt.

1394 3737 1472 3787 16.
1514 3734 1847 3798 definitione.
1916 3727 2036 3783 Hier
2058 3727 2212 3781 sollte
2235 3741 2342 3777 mm

1319 3800 1402 3853 die
1459 3802 1686 3854 stoische
1737 3798 2015 3853 Definition
2067 3793 2343 3862 angefuhrt

1318 3869 1556 3935 werden,
1605 3870 1705 3922 wie
1753 3869 1827 3921 sie
1874 3866 1969 3920 Dio
2008 3906 2020 3918 .
2055 3865 2219 3917 Laert.
2256 3860 2343 3912 Vll

1322 3941 1420 3993 107
1458 3937 1627 4005 giebt:
1669 3938 1753 3990 ἔτι
1788 3932 1851 3989 δὲ
1883 3955 1952 3986 κα
2004 3931 2136 4001 ἧκόν
2169 3942 2343 4001 φασιν

1317 4005 1488 4071 εἶναι,
1540 3999 1574 4058 ὃ
1625 4005 1883 4080 πραχθὲν
1933 3998 2157 4073 εὔλογόν
2208 4013 2341 4050 τινα

1856 4089 1931 4143 3*
