2813 4537
405 264 527 327 124
961 269 1046 322 DE
1083 270 1343 324 OFFICIIS
1378 271 1497 325 LlB.
1533 270 1590 326 ll.
1661 273 1802 328 CAP.
1844 278 1887 327 1.
1927 276 1973 329 2.

401 441 673 522 publicae
701 442 1085 524 temporibus.
1152 443 1217 504 Id
1248 452 1443 549 autem
1477 462 1654 507 omne
1684 446 2142 510 consumebatur
2181 447 2242 509 in
2273 449 2544 528 legendo,

329 528 366 585 2
401 526 697 589 scribendi
743 529 927 590 otium
973 548 1095 591 non
1142 538 1287 593 erat.
1375 527 1642 592 Maximis
1684 531 1870 610 igitur
1910 533 1973 594 in
2003 532 2174 595 malis
2202 534 2317 596 hoc
2345 542 2544 597 tamen

325 620 354 670 5
397 611 542 674 boni
573 615 821 675 assecuti
852 614 1135 689 videmur,
1165 624 1232 677 ut
1262 633 1328 676 ea
1354 613 1569 677 litteris
1597 617 2028 694 mandaremus,
2061 637 2212 700 quae
2239 637 2353 681 nec
2376 629 2546 681 erant

397 698 536 760 satis
558 709 697 761 nota
728 700 950 761 nostris
979 707 1041 761 et
1071 710 1238 761 erant
1267 699 1610 779 cognitione
1638 702 2000 781 dignissima.
2062 703 2214 775 Quid
2245 704 2404 766 enim
2436 715 2541 781 est,

396 803 505 864 per
532 784 693 860 deoS,
726 784 1043 865 optabilius
1071 784 1375 867 sapientia,
1400 785 1541 865 quid
1564 787 1977 867 praestantius,
2007 789 2147 869 quid
2171 789 2399 851 homini
2420 809 2545 853 me·

397 869 530 941 lius,
561 870 703 950 quid
734 869 976 932 homine
1006 867 1289 949 dignius?
1345 870 1517 931 Hanc
1546 871 1726 949 igitur
1758 873 1859 953 qui
1891 882 2174 954 expetunt
2201 874 2540 955 philosophi

396 956 797 1031 nominantur,
844 974 955 1017 nec
985 955 1299 1036 quicquam
1331 954 1491 1017 aliud
1521 964 1613 1017 est
1642 956 2035 1039 philosophia,
2080 959 2127 1020 si
2166 960 2540 1040 interpretari

395 1041 557 1117 velis,
587 1048 820 1122 praeter
850 1041 1110 1102 studium
1139 1040 1481 1122 sapientiae.
1529 1040 1829 1122 Sapientia
1858 1053 2055 1105 autem
2084 1053 2194 1118 est,
2224 1052 2289 1106 ut
2317 1063 2351 1105 a
2379 1052 2539 1107 vete-

393 1126 559 1188 ribus
588 1124 960 1207 philosophis
988 1126 1296 1187 definitum
1328 1134 1438 1199 est,
1471 1145 1674 1189 rerum
1701 1127 2033 1191 divinarum
2061 1137 2117 1190 et
2149 1130 2538 1191 humanarum

394 1228 842 1291 causarumque,
873 1209 1091 1290 quibus
1120 1229 1222 1272 eae
1243 1229 1340 1272 res
1361 1211 1765 1287 continentur,
1797 1213 2062 1289 scientia,
2094 1214 2263 1276 cuius
2281 1215 2540 1277 studium

394 1296 495 1376 qui
518 1295 807 1376 vituperat
827 1296 982 1357 haud
1005 1314 1147 1357 sane
1170 1295 1450 1375 intellego
1469 1297 1748 1376 quidnam
1771 1299 1844 1360 sit
1869 1300 2026 1379 quod
2051 1291 2405 1362 laudandum
2425 1319 2539 1380 pu-

395 1389 492 1442 tet.
578 1380 725 1442 Nam
770 1379 890 1441 sive
935 1380 1245 1442 oblectatio
1293 1381 1597 1461 quaeritur
1639 1382 1821 1444 animi
1858 1384 2213 1464 requiesque
2243 1403 2539 1460 curarum,

393 1483 544 1546 quae
567 1465 826 1527 conferri
843 1484 978 1527 cum
1002 1484 1206 1528 eorum
1230 1466 1440 1527 studiis
1456 1474 1676 1547 potest,
1708 1467 1810 1548 qui
1831 1486 2066 1550 semper
2087 1469 2308 1549 aliquid
2328 1470 2540 1551 anqui-

390 1559 552 1624 runt,
597 1550 756 1630 quod
801 1547 1027 1631 spectet
1070 1560 1129 1612 et
1169 1550 1354 1613 valeat
1398 1552 1471 1613 ad
1515 1551 1668 1614 bene
1696 1552 1988 1635 beateque
2014 1554 2373 1616 vivendum?
2418 1556 2539 1616 sive

391 1635 539 1697 ratio
570 1637 936 1698 constantiae
964 1636 1316 1717 virtutisque
1345 1636 1600 1713 ducitur,
1646 1646 1746 1700 aut
1775 1638 1919 1701 haec
1961 1658 2057 1701 ars
2101 1649 2189 1701 est
2232 1650 2334 1702 aut
2373 1639 2537 1702 nulla

392 1720 657 1796 omnino,
700 1739 807 1802 per
834 1740 1010 1803 quam
1041 1741 1141 1784 eas
1167 1740 1569 1802 assequamur.
1642 1722 1875 1785 Nullam
1908 1724 2104 1786 dicere
2133 1742 2534 1789 maxumarum

390 1825 591 1868 rerum
622 1816 802 1869 artem
837 1825 985 1884 esse,
1017 1826 1154 1870 cum
1183 1806 1564 1870 minimarum
1594 1808 1722 1870 sine
1750 1817 1878 1871 arte
1907 1809 2069 1872 nulla
2099 1810 2193 1887 sit,
2227 1810 2535 1873 hominum

389 1979 617 2041 tempus,
665 1974 811 2039 quod
840 1976 976 2026 milii
1009 1977 1074 2025 ab
1110 1977 1410 2027 amicorum
1514 1973 1666 2027 Tusc.
1701 1975 1770 2027 lv
1817 1980 1907 2043 26,
1943 1981 2006 2030 57
2054 1981 2379 2045 sapientiam
2431 1993 2538 2029 esse

386 2045 621 2107 negotiis
655 2041 845 2107 datur,
898 2045 958 2092 in
1008 2044 1089 2092 his
1133 2044 1328 2094 studiis
1364 2071 1406 2079 -
1510 2058 1695 2093 rerum
1732 2043 2042 2096 divinarum
2087 2052 2139 2097 et
2177 2048 2535 2110 humanarum

388 2124 709 2161 consumam.
762 2125 1032 2174 superesse
1055 2108 1148 2160 mit
1172 2110 1288 2162 dem
1311 2109 1410 2162 Da·
1508 2113 1788 2161 scientiam
1804 2115 2284 2179 cognitionemque,
2298 2130 2434 2179 quae
2447 2130 2536 2165 cu-

389 2178 465 2229 tiv
500 2178 554 2229 in
577 2175 694 2228 dem
714 2175 871 2228 Sinne
906 2176 1081 2228 ‘durch
1106 2177 1221 2229 eine
1241 2176 1405 2230 Sache
1509 2180 1702 2243 iusque
1726 2183 1812 2230 rei
1839 2195 2001 2231 causa
2016 2185 2105 2231 sit.
2148 2180 2277 2232 Dass
2296 2181 2348 2231 in
2368 2181 2536 2234 dieser

385 2244 536 2312 fibrig
571 2245 808 2310 gelasscn
844 2244 967 2297 sein’
1003 2244 1072 2297 ist
1107 2244 1297 2313 haufig.
1351 2247 1405 2299 in
1509 2245 1788 2301 Definition
1837 2247 2004 2315 gleich
2052 2249 2135 2302 die
2182 2248 2534 2318 Dreitheilung

384 2312 526 2366 Verr.
547 2317 646 2367 act.
672 2313 693 2363 1
717 2317 765 2378 4,
789 2316 850 2366 13
887 2317 1150 2379 quantum
1173 2316 1406 2366 hominis

384 2384 695 2433 avarissimi
739 2386 791 2431 et
837 2381 1265 2433 libidinosissimi
1309 2388 1408 2435 aut

382 2450 804 2516 imprudentiam
827 2448 1160 2516 subterfugit
1193 2456 1291 2502 aut
1321 2468 1406 2503 sa-

381 2521 563 2569 tietati
607 2516 896 2584 superfuit.
977 2518 1084 2571 Liv,
1118 2518 1234 2569 XXI
1277 2522 1308 2571 4
1325 2558 1339 2584 ‚
1372 2524 1400 2573 7

380 2586 443 2637 id
475 2586 619 2653 quod
644 2586 899 2651 gerendis
933 2589 1091 2638 rebus
1112 2593 1408 2654 superesset

381 2658 552 2722 quieti
584 2655 784 2707 datum.
844 2653 913 2705 lv
953 2657 1040 2721 12,
1083 2659 1143 2709 10
1181 2656 1405 2708 vendere

383 2724 529 2789 quod
576 2725 703 2774 usvci
757 2727 1032 2774 menstruo
1093 2730 1401 2791 superesset.

382 2796 625 2857 tempora
643 2794 942 2842 amicorum
953 2796 1008 2842 ct
1017 2795 1152 2858 reip.
1169 2793 1405 2846 bezeich-

382 2862 469 2910 net
503 2858 586 2910 die
621 2858 758 2923 zeii,
796 2858 894 2910 ,die
929 2859 1020 2912 auf
1052 2859 1136 2912 die
1171 2861 1403 2914 Freunde

380 2926 484 2978 und
543 2925 642 2978 den
696 2925 845 2979 Staat
900 2927 1198 2979 verwendet
1257 2929 1402 2982 wird.

383 2995 529 3046 locus
562 2993 668 3046 und
704 2999 907 3060 tempus
942 2994 1108 3061 geben
1138 2996 1249 3048 hier
1271 3012 1402 3063 ganz

379 3077 669 3131 synonyme
704 3061 1060 3143 Wendungen.
1116 3131 1127 3142 .

379 3129 1263 3267 nassuffissfflss’pfflssffiffihssssn
1277 3147 1401 3253 *5:1¹2

378 3267 499 3321 lust.
522 3268 629 3334 lug.
655 3271 737 3333 26,
761 3270 792 3321 3
830 3284 1009 3320 omnes
1037 3271 1263 3335 puberes
1285 3268 1400 3321 Nu-

377 3335 554 3387 midas
587 3340 748 3401 atquc
780 3340 1140 3403 negotiatores
1166 3340 1399 3404 promis·

380 3420 500 3469 cue,
551 3407 638 3454 uti
670 3407 893 3470 quisque
927 3409 1156 3456 armatis
1190 3408 1398 3457 obviam

376 3471 449 3533 su
460 3489 488 3522 e
499 3489 532 3523 r
543 3488 576 3523 a
591 3476 612 3523 t
634 3475 909 3540 (entgegen
928 3472 1234 3538 gckommen
1254 3476 1397 3540 war),

377 3538 664 3601 interfecit.
720 3539 823 3594 Cic.
860 3541 924 3593 ad
949 3539 1122 3602 Quint.
1146 3541 1208 3594 fr.
1230 3541 1272 3593 11
1295 3545 1344 3608 6,
1363 3544 1394 3595 2

372 3610 659 3661 Lucceium
672 3612 958 3661 convenire
971 3625 1084 3662 non
1098 3615 1398 3677 potueram,

373 3677 519 3744 quod
574 3675 904 3737 abfuerat
971 3678 1116 3741 (sich
1174 3678 1398 3731 entiernt

372 3745 550 3809 hatte).
599 3744 720 3798 Tac.
745 3746 864 3799 hist.
889 3745 911 3797 1
935 3747 999 3798 79
1028 3746 1198 3799 donec
1216 3750 1397 3813 pauci,

373 3812 1193 3934 iiimpss‘li‘ssmZi-“ffimm'
1242 3814 1399 3881 ''ff“

442 3951 489 4017 8.
526 3932 810 4015 Sapientia
837 3955 1016 4002 autem
1041 3954 1147 4001 est.-
1181 3949 1202 4002 1
1227 3949 1260 4017 ξ
1283 3953 1396 4004 153.

1509 2315 1600 2367 der
1632 2314 1968 2384 Philosophie
2002 2317 2054 2369 in
2089 2316 2315 2386 Physik‚
2359 2318 2531 2385 Ethik,

1506 2382 1770 2436 Dialektik
1805 2385 2115 2451 angedeutet
2150 2386 2252 2451 sei,
2289 2386 2380 2438 hat
2415 2403 2532 2439 man

1507 2452 1650 2504 nicht
1685 2453 2055 2520 anzunehmen‚
2091 2454 2193 2506 wie
2230 2453 2426 2507 Seneca
2451 2471 2531 2521 ep.

1505 2519 1621 2572 xlv
1661 2523 1756 2587 1‚5
1793 2521 1956 2588 zeigt:
1995 2523 2215 2588 quidam
2248 2527 2328 2574 ita
2362 2523 2534 2587 (finie-

1505 2591 1659 2652 runt)
1672 2609 1692 2639 .·
1725 2592 1995 2656 sapientia
2014 2596 2093 2641 est
2106 2607 2260 2642 nosse
2276 2591 2462 2642 divina
2481 2595 2535 2642 et

1507 2658 1745 2709 humana
1780 2662 1834 2708 et
1868 2660 2062 2710 horum
2086 2675 2290 2711 causas.
2336 2660 2534 2726 Super-

1505 2741 1678 2778 vacua
1711 2727 1849 2777 milti
1882 2726 2097 2778 videtur
2133 2730 2264 2779 haec
2286 2727 2532 2794 adiectio,

1507 2796 1636 2859 quia
1683 2810 1878 2847 causae
1922 2794 2231 2848 divinorum
2274 2798 2533 2847 humano-

1504 2877 1734 2928 rumque
1742 2878 1880 2929 pars
1897 2863 2209 2916 divinorum
2224 2868 2364 2916 sunt.
2397 2863 2532 2916 Hau-

1504 2927 1579 2996 fig
1612 2929 1779 2982 bleibt
1813 2930 1982 2984 dieser
2005 2933 2191 2986 Zusatz
2228 2932 2360 2985 auch
2395 2944 2528 2998 weg.

1582 2999 1663 3051 12.
1695 2998 1994 3065 oblectatio,
2029 3001 2109 3052 ein
2144 2999 2415 3066 fluchtiges
2439 2998 2529 3051 Er·

1505 3068 1718 3132 gotum,
1773 3065 2133 3130 Amusement;
2187 3068 2364 3120 diesen
2400 3065 2527 3119 Sinn

1503 3133 1595 3185 hat
1632 3134 1909 3188 oblectatio
1945 3137 2125 3188 immet
2145 3135 2216 3187 im
2240 3135 2528 3202 Gegensatz

1502 3216 1566 3253 zu
1603 3201 1903 3255 delectatio.

1575 3272 1655 3322 13.
1708 3286 1846 3335 quae
1879 3270 2125 3332 conferri
2176 3271 2382 3324 bezieht
2416 3271 2525 3324 sich

1500 3338 1646 3390 mehr
1668 3338 1760 3391 aus
1784 3339 2061 3391 oblectatio
2103 3339 2180 3392 als
2204 3339 2295 3393 aut
2315 3340 2407 3393 das
2430 3356 2527 3392 nur

1499 3405 1775 3473 beilfiufige
1809 3410 2036 3473 requies.

1574 3477 1651 3528 16.
1690 3490 1794 3541 eas,
1829 3475 2051 3528 namlich
2091 3477 2447 3526 constantiam
2472 3480 2525 3525 et

1497 3545 1766 3594 virtutem.

1574 3614 1651 3663 17.
1689 3616 1877 3663 artem.
1927 3627 2018 3661 ars
2044 3611 2115 3662 ist
2145 3609 2339 3663 hier===
2359 3613 2526 3676 ratio,

1499 3676 1895 3745 Wissenschast,
1922 3678 2147 3747 System,
2179 3676 2346 3729 woffir
2362 3683 2523 3730 unten

1500 3746 1789 3814 disciplina
1820 3750 2003 3814 gesagt
2025 3747 2117 3807 ist;
2152 3744 2293 3797 Brut.
2317 3747 2401 3810 41,
2427 3749 2520 3799 152

1499 3817 1638 3866 iuris
1662 3815 1838 3867 civilis
1853 3829 2110 3880 magnum
2126 3828 2283 3864 usum
2307 3818 2361 3863 et
2377 3814 2524 3880 apud

1500 3881 1810 3934 Scaevolam
1848 3889 1897 3934 et
1931 3883 2080 3949 apud
2110 3881 2305 3933 multos
2335 3880 2521 3947 fuisse,

1501 3954 1672 4001 artem
1691 3953 1751 4001 in
1770 3953 1870 4002 lzoc
1887 3966 1996 4002 uno
2014 3977 2054 3989 —·
2071 3952 2161 4002 liic
2179 3951 2320 4001 enim
2337 3950 2521 4002 attulit

2587 800 2618 851 5

2586 1221 2643 1273 10

2580 1646 2639 1697 15
