2813 4537
946 273 1029 326 DE
1067 272 1327 327 OFFIGIIS
1362 271 1480 328 LIB.
1516 273 1571 327 Π.
1626 273 1766 329 CAP.
1792 278 1840 330 8.

2351 271 2473 335 139

316 447 627 530 piditatum
656 446 727 508 ad
759 444 978 507 multos
1007 446 1312 528 improbos
1340 446 1502 509 venit
1528 421 1852 593 hereditas]⁸
1884 447 2007 510 Nec
2028 467 2165 511 vero
2190 466 2470 530 umquam
2516 427 2602 513 29⁸

1798 552 1834 595 u

319 526 607 594 bellorum
641 530 895 593 civilium
928 549 1129 593 semen
1175 543 1233 593 et
1274 549 1449 594 causa
1494 533 1712 609 deerit,

1841 552 1899 594 m
1942 534 2215 596 homines
2254 535 2471 616 perditi

316 621 539 680 hastam
563 618 722 679 illam
749 627 1053 679 cruentam
1081 627 1135 678 et
1160 618 1542 679 meminerint
1567 629 1624 679 et
1646 620 1996 699 sperabun23
2023 637 2199 700 quam
2223 619 2289 680 P.
2308 619 2471 682 Sulla

318 721 456 764 cum
494 703 778 765 vibrasset
818 703 1103 765 dictatore
1145 704 1486 784 propinquo
1529 721 1674 779 suo,
1719 705 1874 765 idem
1916 714 2081 766 sexto
2125 705 2468 767 tricensimo

236 801 271 851 5
317 807 476 850 anno
506 797 643 870 post
671 807 703 850 a
733 788 1109 849 sceleratiore
1139 789 1458 864 hastanon
1489 788 1752 850 recessit.
1810 790 1973 851 Alter
2003 799 2197 851 autem
2216 833 2233 863 ‚
2271 790 2371 870 qui
2404 791 2467 852 in

313 873 413 935 illa
442 874 725 936 dictatura
758 873 950 935 scriba
982 873 1193 948 fuerat,
1224 873 1286 934 in
1319 874 1428 935 hac
1457 874 1570 935 fuit
1600 883 1879 954 quaestor
1901 875 2179 937 urbanus.
2229 874 2316 936 Ex
2347 895 2468 955 quo

313 959 490 1020 debet
532 957 814 1038 intellegi⁴
840 958 1056 1020 talibus
1107 958 1386 1039 praemiis
1438 959 1761 1040 propositis
1817 977 2140 1041 numquam
2197 960 2469 1022 defutura

312 1043 464 1105 bella
496 1044 705 1105 civilia.
778 1044 983 1124 Itaque
1015 1043 1267 1124 parietes
1294 1045 1474 1104 mode
1503 1044 1670 1106 urbis
1699 1053 1854 1106 stant
1886 1054 1947 1106 et
1987 1054 2261 1120 manent,
2304 1045 2468 1125 iique

312 1129 427 1211 ipsi
454 1129 569 1191 iam
603 1138 861 1190 extrema
893 1129 1113 1190 scelera
1146 1138 1509 1201 metuentes,
1549 1147 1676 1190 rem
1718 1148 1856 1191 vero
1900 1131 2197 1211 publicam
2228 1131 2469 1212 penitus

212 1222 272 1276 10
313 1215 633 1277 amisimus.
693 1217 885 1294 Atque
914 1214 976 1275 in
1005 1214 1112 1275 has
1139 1213 1335 1275 clades
1356 1214 1674 1276 incidimus
1694 1249 1777 1260 —-
1799 1217 2167 1278 redeundum
2192 1224 2282 1277 est
2304 1216 2463 1278 enim

310 1300 381 1362 ad
413 1300 786 1381 propositum
811 1332 925 1374 -—‚
966 1299 1106 1360 dum
1136 1299 1317 1361 metui
1351 1317 1527 1380 quam
1560 1300 1682 1361 cari
1712 1318 1840 1362 esse
1871 1310 1931 1362 et
1958 1301 2121 1381 diligi
2152 1300 2470 1362 malumus.

308 1385 471 1457 Quae
515 1385 564 1447 si
608 1385 835 1466 populo
875 1384 1145 1445 Romano
1191 1384 1411 1447 iniuste
1452 1385 1767 1466 imperanti
1811 1385 2078 1448 accidere
2119 1394 2465 1467 potuerunt,

308 1471 449 1553 quid
481 1471 700 1532 debent
727 1480 935 1552 putare
958 1466 1231 1554 singuli?

478 1555 648 1627 Quod
679 1573 815 1616 cum
848 1555 1231 1636 perspicuum
1262 1555 1339 1616 sit
1365 1554 1813 1616 benevolentiae
1841 1554 1959 1615 vim
2000 1573 2129 1616 esse
2168 1574 2464 1635 magnam,

210 1645 269 1697 15
310 1649 505 1703 metus
533 1640 917 1713 imbecillam,
951 1640 1219 1720 sequitur
1248 1650 1316 1700 ut
1342 1640 1701 1701 disseramus
1731 1640 1948 1720 quibus
1977 1640 2158 1702 rebus
2187 1641 2465 1703 facillime

307 1727 605 1807 possimus
647 1744 774 1788 eam
819 1742 995 1806 quam
1036 1725 1309 1785 volumus
1351 1724 1597 1804 adipisci
1640 1742 1785 1798 curn
1818 1726 2049 1785 honore
2080 1735 2139 1787 et
2170 1727 2283 1786 fide
2314 1727 2463 1788 cari-

305 1820 504 1872 tatem.
594 1811 709 1872 Sed
753 1829 817 1872 ea
863 1829 985 1873 non
1031 1809 1252 1891 pariter
1296 1826 1504 1871 omnes
1548 1827 1817 1888 egemus3
1878 1827 2013 1870 nam
2056 1809 2127 1871 ad
2175 1809 2462 1891 cuiusque

302 1896 480 1957 vitam
525 1895 852 1957 institutam
896 1895 1460 1956 accommodandum
1502 1902 1626 1968 est,
1669 1913 1700 1956 a
1740 1894 2025 1956 multisne
2070 1911 2223 1975 opus
2265 1894 2344 1956 sit
2384 1915 2459 1956 an

310 1981 452 2043 satis
481 1981 556 2043 sit
585 2000 616 2043 a
648 1980 853 2064 paucis
885 1980 1066 2060 diligi.
1142 1977 1379 2041 Cei-tum
1424 1979 1604 2060 igitur
1644 1980 1760 2041 hoc
1801 1979 1876 2040 sit
1904 1979 2082 2059 idque
2113 1988 2171 2041 et
2201 1980 2461 2060 primum

201 2069 262 2120 2⁰
306 2074 361 2128 et
386 2086 656 2129 maxume
678 2065 1096 2140 necessarium,
1130 2065 1549 2129 familiaritates
1575 2064 1792 2126 habere
1824 2063 1967 2125 fldas
1997 2064 2317 2126 amantium
2349 2084 2462 2128 nos
2537 2100 2548 2116 ·

303 2153 626 2215 amicorum
675 2162 735 2214 et
780 2161 981 2214 nostra
1022 2151 1394 2214 mirantium:
1442 2153 1587 2213 haec
1618 2150 1778 2212 enim
1808 2169 1927 2212 una
1957 2169 2052 2212 res
2081 2169 2361 2232 prorsus,
2394 2158 2462 2212 ut

372 2320 419 2371 3.
446 2321 500 2371 P.
520 2319 675 2371 Sulla
691 2320 835 2372 hatte
854 2320 964 2371 sich
985 2318 1146 2371 sehon
1164 2319 1216 2371 in
1237 2318 1329 2371 der

303 2385 503 2439 Proscri
542 2387 649 2439 tion
681 2392 830 2439 unter
857 2386 911 2439 L.
936 2385 1080 2438 Sulla
1100 2390 1196 2439 672
1218 2389 1326 2452 (821

301 2454 452 2508 einen
554 2470 702 2507 amen
756 2455 1040 2508 erworben.
1110 2454 1202 2507 Ale
1241 2454 1330 2506 de·

301 2522 542 2589 signirter
576 2522 767 2576 Consul
803 2526 904 2577 688
927 2524 1037 2586 (66)
1073 2520 1250 2574 wurde
1274 2537 1329 2574 er

303 2605 486 2658 wegen
521 2591 852 2658 Bestecliung
885 2588 1191 2642 verurtheilt
1224 2588 1331 2642 nnd

298 2663 494 2712 musste
532 2659 745 2712 deshalb
781 2659 874 2711 ant=
915 2658 1026 2710 sein
1060 2658 1184 2709 Amt
1217 2672 1332 2710 ver-

298 2726 519 2780 zichten.
578 2728 726 2779 Auch
762 2725 852 2781 der
885 2726 1221 2778 Theilnahme
1258 2741 1324 2778 an

297 2793 391 2848 der
445 2795 858 2848 catilinarischen
912 2793 1325 2860 Verschwdrung

299 2862 478 2916 wurde
512 2878 570 2916 er
602 2862 930 2929 beschuldigt
977 2861 1084 2915 und
1121 2861 1182 2914 da
1219 2876 1324 2914 von

297 2931 403 2985 Cic.
451 2933 505 2984 in
552 2931 643 2984 der
679 2932 814 2984 noch
850 2931 1148 2984 erhaltenen
1183 2929 1324 2982 Rede

174 3021 187 3026 ·
296 3000 626 3068 vertheidigt.
682 2998 867 3068 Spiiter
894 2998 1095 3052 schloss
1126 3014 1182 3051 er
1212 2997 1333 3058 sich¹

298 3083 364 3121 an
399 3069 585 3122 Caesar
630 3084 693 3121 an
743 3068 850 3121 und
897 3068 1163 3120 zeichnete
1211 3066 1322 3118 sich

299 3137 429 3188 nach
463 3137 649 3189 dessen
685 3136 838 3203 Siege
864 3139 961 3190 708
988 3138 1094 3201 (46)
1131 3134 1325 3187 wieder

300 3200 458 3255 durch
494 3203 787 3257 Aufkaufen
823 3205 906 3257 ein
945 3219 1198 3271 ezogener
1221 3203 1324 3256 Gii-

298 3273 380 3321 ter
413 3285 530 3332 aus;
566 3270 646 3323 ad.
681 3271 801 3325 sam.
836 3272 884 3324 X
973 3275 1050 3336 19,
1074 3276 1104 3326 3
1139 3275 1324 3338 itaque

297 3336 454 3390 Sulla
488 3367 527 3377 -
566 3343 747 3390 omnia
783 3342 922 3390 bona
957 3341 1164 3392 coe'mit.

367 3411 416 3461 5.
470 3406 649 3472 Alter,
701 3406 790 3459 der
824 3406 1010 3459 andere
1045 3407 1320 3473 Cornelia,

294 3474 378 3527 ein
412 3473 821 3542 Freigelassener
850 3472 941 3526 des
960 3473 1121 3528 Sulla.
1193 3474 1319 3529 Sall.

293 3542 475 3610 fragm.
512 3543 533 3595 1
569 3545 665 3608 49,
705 3545 766 3595 17
803 3542 883 3595 ed.
921 3541 1079 3596 Kritz.
1114 3542 1323 3595 scilicet

297 3615 428 3678 quia
461 3628 571 3663 non
608 3610 773 3663 aliter·
792 3611 933 3662 salvi
952 3613 1191 3677 satisque
1214 3615 1324 3663 tuti

293 3682 355 3729 in
412 3682 638 3747 imperio
701 3681 879 3746 mli-5,
946 3681 1056 3729 nisi
1112 3679 1322 3731 Vettius

294 3748 485 3798 Picens
530 3753 584 3799 et
610 3749 788 3809 ‚stm‘ba
827 3747 1108 3800 Cornelius
1141 3746 1320 3799 aliena

257 3817 451 3866 ‘beno‘
494 3819 618 3867 arta
643 3817 1017 3883 prodegem‘nt.
1068 3813 1226 3868 Sonst
1250 3815 1320 3868 ist

290 3882 385 3936 der
471 3896 573 3937 ann
606 3885 922 3937 unbekannt.

362 3955 411 4006 6.
471 3957 738 4031 ᾳαασειοζ.
809 3953 994 4005 Caesar
1027 3950 1317 4005 vermehrte

1429 2318 1512 2371 die
1530 2319 1657 2371 Zahl
1686 2318 1775 2371 der
1795 2318 2113 2379 Quaestoren
2141 2319 2232 2371 auf
2255 2322 2322 2372 40
2351 2318 2459 2371 und

1429 2388 1581 2439 nahm
1606 2386 1743 2438 viele
1765 2387 1923 2439 Lente
1946 2401 2050 2438 von
2081 2384 2314 2440 niederer
2336 2386 2459 2439 Her·

1428 2453 1607 2519 kunst,
1638 2468 1792 2520 segur
1820 2454 2174 2507 Provincialen
2195 2455 2299 2507 und
2321 2454 2459 2507 Frei-

1430 2523 1699 2589 gelassene
1735 2522 1787 2572 in
1812 2522 1911 2574 den
1937 2522 2029 2573 aus
2047 2524 2149 2574 900
2165 2521 2460 2589 Mitglieder

1429 2593 1815 2656 vergrdsserten
1847 2589 2008 2641 Senat
2044 2590 2148 2644 aus.
2212 2589 2364 2643 Peter
2413 2606 2454 2644 r.

1430 2658 1489 2710 G.
1525 2656 1585 2709 111
1621 2656 1674 2710 S.
1712 2659 1826 2710 359.

1497 2730 1544 2780 8.
1567 2728 1805 2793 parietes
1827 2755 1861 2764 -
1882 2730 2204 2776 metuentes.-
2266 2765 2277 2779 .
2297 2724 2454 2782 Marc.

1430 2798 1478 2860 3,
1509 2797 1569 2847 10
1598 2796 1863 2861 parietes,
1897 2809 1981 2844 me
2014 2794 2136 2845 diue
2247 2796 2356 2860 ius,
2390 2798 2457 2845 ut
2551 2834 2554 2839 .

1425 2864 1565 2914 mihi
1611 2863 1854 2927 videam,
1911 2863 2072 2913 liuius
2120 2865 2307 2913 curiae
2353 2866 2457 2914 tibi

1420 2933 1638 2997 gratias
1670 2946 1834 2997 agere
1861 2933 2118 2996 gestiunt.

1499 3002 1578 3052 14.
1618 2999 1774 3063 Quod
1805 3014 1941 3052 cum.
1996 2998 2152 3062 Quod
2184 2998 2327 3051 dient
2361 3013 2454 3051 zm·

1425 3067 1635 3121 Vei-kun
1675 3066 1801 3134 sung
1824 3067 1915 3119 der
1937 3065 2108 3131 Sfitze,
2131 3067 2232 3119 wie
2255 3067 2308 3118 in
2334 3066 2451 3119 dem

1426 3151 1487 3189 so
1521 3137 1587 3188 hii
1664 3149 1762 3201 gen
1800 3135 2008 3201 quodsi,
2042 3134 2187 3200 qnod
2220 3136 2351 3200 quia
2386 3134 2450 3186 de

1425 3203 1513 3258 fin.
1537 3204 1558 3255 1
1582 3206 1666 3269 20,
1688 3205 1770 3256 67.
1808 3203 1954 3269 quod
1986 3205 2243 3267 quoniam
2277 3202 2341 3254 de
2360 3200 2449 3256 fin.

1422 3271 1485 3323 111
1506 3272 1583 3337 18,
1606 3273 1687 3323 59.
1725 3270 1803 3322 An
1829 3270 2050 3322 anderen
2076 3268 2273 3322 Stellen
2309 3271 2451 3322 steht

1425 3338 1536 3392 dies
1555 3340 1701 3405 quod
1713 3339 1860 3391 mehr
1876 3337 2170 3390 relativisch
2195 3337 2301 3390 und
2319 3337 2451 3390 vird

1424 3407 1584 3460 durch
1619 3406 1768 3458 einen
1814 3405 2089 3472 folgenden
2127 3404 2250 3458 Satz
2287 3405 2452 3459 erliiu-

1425 3480 1550 3536 tert;
1588 3490 1628 3527 s.
1664 3473 1934 3540 1115112.

1496 3547 1573 3597 16.
1624 3558 1745 3594 cum
1780 3544 1984 3594 honore
2016 3548 2070 3594 et
2111 3542 2219 3606 fide
2253 3545 2451 3593 cao-ita-

1423 3617 1559 3663 tem.-
1595 3611 1677 3664 die
1712 3610 1891 3676 Liebe,
1928 3610 2011 3662 die
2047 3610 2159 3662 sich
2191 3610 2285 3662 aus
2317 3609 2448 3662 Ehre

1420 3678 1527 3731 und
1562 3678 1846 3732 Vei-tranen
1883 3678 2125 3746 gri-finden
2162 3694 2204 3733 s.
2241 3677 2274 3745 ξ
2294 3680 2376 3732 21.

1491 3750 1575 3801 21.
1609 3753 1800 3799 nostra
1833 3749 2180 3798 mirantium.-
2233 3746 2450 3800 bewun-

1421 3815 1545 3868 dern
1591 3817 1662 3869 ist
1707 3816 1819 3868 hier
1853 3816 1934 3868 ein
1985 3830 2048 3866 zu
2084 3814 2284 3869 starker
2316 3814 2473 3867 Ans--

1420 3883 1597 3948 druch,
1622 3899 1682 3936 es
1697 3884 1766 3937 ist
1783 3883 2034 3937 vielmehr
2051 3883 2447 3948 hochschitzen,

1421 3966 1609 4004 unsel-n
1644 3951 1825 4005 Werth
1861 3951 2203 4005 anerkennen.
2346 3978 2354 3985 ·
