2813 4537
140 1241 199 1294 10

139 1665 200 1721 15

796 290 880 343 DE
918 288 1178 344 orricns
1215 289 1332 359 [ie.
1367 290 1403 343 1.
1477 289 1619 344 cAP.
1641 294 1721 345 20.
1760 295 1842 346 21.
1873 307 1880 311 ·

251 461 600 543 quillitatem
628 471 971 545 expetentes
992 482 1026 525 a
1050 464 1306 544 negotiis
1325 462 1582 544 publicis
1611 482 1675 525 se
1703 466 2062 545 removeri-nt
2088 466 2168 529 ad
2192 468 2411 531 otium-

252 567 369 628 que
399 549 800 630 perfugerintz
843 549 905 611 in
936 550 1030 612 his
1074 557 1130 612 et
1160 547 1515 612 nobilissimi
1544 549 1885 632 philosophi
1914 550 2213 634 longeque
2242 555 2411 635 prin-

250 633 418 715 cipes
447 645 504 696 et
533 635 771 717 quidam
799 635 1073 698 homines
1102 635 1288 698 severi
1332 642 1393 697 et
1423 653 1628 715 graves
1657 654 1771 699 nec
1799 637 2010 718 populi
2041 656 2153 700 nec
2181 640 2409 721 princi-

250 738 400 800 pum
429 738 627 783 mores
648 722 803 784 ferre
824 728 1174 802 potuerunt,
1201 721 1593 801 vixeruntque
1616 738 1738 783 non
1768 721 1921 784 nulli
1949 723 2009 783 in
2034 724 2191 811 agris
2213 724 2410 789 delec-

172 816 204 866 5
251 804 353 867 tati
383 824 448 867 re
478 824 583 871 sua
625 806 918 870 familiari.
976 806 1083 869 His
1127 806 1283 869 idem
1313 805 1690 888 propositum
1725 807 1835 869 fuit
1865 808 2023 888 quod
2054 809 2414 889 regibus,-ut
2454 823 2513 875 70

250 909 330 952 ne
371 910 484 972 qua
523 910 590 954 re
632 900 909 973 egerent,
953 911 1030 955 ne
1062 892 1158 955 cui
1188 899 1500 974 parerent,
1542 890 1812 955 libertate
1850 901 2190 957 uterentur:
2237 896 2410 958 cuius

224 977 559 1058 'proprium
605 986 696 1040 est
738 979 837 1042 sic·
863 979 1089 1054 vivere,
1134 987 1201 1040 ut
1240 978 1404 1041 velis.
1487 975 1614 1048 Qua
1657 996 1723 1040 re
1767 996 1904 1040 cum
1945 980 2063 1042 hoc
2093 999 2409 1045 commune
2443 985 2513 1042 21

247 1061 327 1123 sit
367 1063 667 1142 potentiae
712 1064 1067 1146 cupidorum
1111 1081 1248 1126 cum
1287 1065 1393 1136 iis,
1441 1081 1593 1143 quos
1635 1063 1784 1139 dixi,
1830 1064 2040 1126 otiosis
2059 1111 2076 1142 ,
2131 1067 2300 1129 alteri
2346 1085 2411 1129 se

248 1147 497 1229 adipisci
525 1149 584 1211 id
614 1168 791 1232 posse
818 1149 1213 1225 arbitrantur,
1257 1150 1309 1212 si
1349 1167 1497 1231 opes
1523 1156 1768 1229 magnas
1794 1148 2076 1226 habeant,
2117 1151 2315 1228 alteri,
2362 1153 2412 1215 si

247 1234 515 1296 contenti
559 1234 680 1297 sint
708 1244 769 1297 et
801 1254 910 1298 suo
957 1245 1015 1297 et
1056 1254 1257 1317 parvo.
1316 1235 1385 1296 In
1433 1252 1552 1314 quo
1578 1242 1944 1297 -neutrorum
1975 1237 2221 1299 omnino
2266 1255 2414 1299 con·

247 1320 568 1382 temnenda
609 1321 904 1384 sententia
943 1328 1065 1396 est,
1106 1321 1210 1383 sed
1241 1328 1298 1383 et
1339 1319 1569 1383 facilior
1612 1327 1671 1381 et
1716 1321 1901 1382 tutior
1943 1329 2002 1383 et
2042 1322 2241 1385 minus
2282 1322 2413 1384 aliis

247 1403 443 1482 gravis
486 1413 590 1468 aut
630 1406 880 1469 molesta
914 1407 1032 1468 vita
1062 1413 1153 1469 est
1181 1406 1507 1469 otiosorum
1527 1448 1544 1481 ,
1580 1405 1941 1468 fructuosior
1979 1416 2175 1470 autem
2217 1408 2412 1474 homi-

247 1506 395 1551 num
419 1491 621 1570 generi
647 1492 799 1554 etad
822 1492 1145 1556 claritatem
1160 1491 1728 1575 amplitudinemque
1749 1491 1945 1572 aptior
1966 1511 2193 1570 eorum,
2219 1494 2319 1575 qui
2344 1512 2410 1556 se

247 1574 322 1635 ad
352 1593 477 1637 rem
507 1575 809 1658 publicam
853 1585 912 1640 et
952 1578 1026 1640 ad
1053 1596 1299 1658 magnas
1338 1596 1435 1640 res
1477 1576 1764 1656 gerendas
1799 1580 2409 1642 accommodaverunt.

245 1657 626 1744 Quapropter
669 1671 727 1724 et
767 1662 842 1726 iis
882 1663 1130 1726 forsitan
1174 1663 1622 1727 concedendum
1666 1662 1744 1724 sit
1781 1679 1909 1724 rem
1950 1663 2250 1745 publicam
2285 1683 2411 1727 non

319 1797 367 1847 2.
403 1797 463 1846 in
488 1797 588 1862 his,
615 1796 729 1848 eine
748 1795 1281 1863 Zusammenziehung

247 1863 439 1915 zweier
487 1861 642 1916 Sfitze
688 1865 741 1917 in
789 1864 938 1917 einen
991 1867 1072 1931 (in
1108 1867 1193 1916 his
1227 1869 1282 1916 et

244 1932 572 1985 nobilissimi
605 1932 921 2000 philosophi
955 1963 998 1972 -
1035 1933 1280 2000 fuerunt,

248 2003 348 2067 qui
376 1998 526 2061 ferre
551 2007 888 2068 potuerunt).
948 2000 1102 2056 Tusc.
1137 2001 1161 2054 1
1193 2005 1280 2068 43,

221 2071 351 2122 ·104
392 2068 598 2121 Durior
630 2070 902 2136 Diogenes
935 2099 981 2109 —-
1005 2073 1193 2138 proici
1224 2088 1280 2123 se

248 2140 408 2188 iussit
440 2139 798 2191 inhumatum.

316 2205 642 2258 nobilissimi
667 2206 1010 2275 philosophi:
1045 2205 1109 2259 de
1147 2210 1277 2263 orat.

248 2274 312 2327 111
336 2279 415 2342 15,
431 2278 497 2329 56
527 2277 711 2327 eadem
728 2281 909 2328 autem
928 2276 1031 2328 alii
1037 2277 1279 2342 pruden-

253 2347 358 2410 iia,
407 2345 503 2395 sed
536 2344 763 2397 consilio
800 2344 874 2395 ad
916 2348 1062 2396 vitae
1095 2345 1279 2408 studia

251 2412 461 2479 dispari
482 2415 712 2478 quietem
730 2417 892 2478 atque
911 2416 1078 2465 otium
1093 2416 1282 2479 secuti,

249 2486 315 2532 ut
350 2482 710 2547 Pythagoras,
746 2480 1103 2548 Democritus,
1134 2483 1282 2534 Ana-

249 2564 494 2616 xagoras
527 2565 562 2601 a
590 2548 844 2615 regendis
868 2551 1178 2602 civitatibus
1201 2555 1282 2602 to-

252 2622 335 2669 tos
401 2634 456 2668 se
525 2617 599 2670 ad
664 2620 1029 2684 cognitionem
1097 2633 1281 2670 rerum

253 2686 663 2740 transtulerunt.
715 2685 821 2754 vgl.
859 2685 943 2738 die
973 2686 1090 2752 §28
1126 2701 1283 2753 ange-

252 2753 425 2807 fiihrte
450 2752 741 2808 Vorschrift
775 2753 972 2809 Platos.

323 2825 370 2876 3.
409 2824 647 2875 homines
680 2827 854 2875 severi
887 2828 940 2875 et
967 2839 1193 2889 graves,
1231 2839 1281 2879 2.

250 2890 310 2944 B.
346 2890 580 2958 AtticuS,
634 2891 763 2959 Nep.
802 2891 961 2945 Attic.
1011 2907 1054 2945 c.
1093 2895 1149 2954 6;
1208 2890 1278 2946 Μ.

250 2959 403 3024 Piso,
451 2959 554 3015 Cic.
589 2958 732 3015 Brut.
770 2964 854 3026 67,
891 2962 992 3015 236
1046 2960 1280 3013 laborem

246 3027 518 3090 forensem
554 3028 766 3080 diutius
797 3045 910 3081 non
945 3027 1102 3094 tulit,
1137 3029 1285 3095 quod

252 3099 530 3148 hominum
594 3100 683 3147 ine
721 3100 829 3149 iias
886 3114 952 3150 ac
1007 3098 1282 3164 stultitias,

251 3180 390 3231 quae
423 3165 662 3216 devoran
702 3181 765 3217 ae
799 3168 956 3218 nobis
987 3171 1131 3232 mni,
1169 3181 1282 3220 non

248 3234 464 3295 ferebat
504 3233 929 3300 iracundiasque
982 3236 1280 3301 respuebat.

321 3305 369 3356 4.
406 3317 518 3353 non
552 3301 708 3353 nulli.
743 3316 862 3355 zum
896 3301 1073 3355 Theil:
1111 3316 1168 3354 es
1189 3302 1283 3354 be·

251 3369 390 3423 zieht
428 3369 538 3423 sich
575 3368 667 3422 auf
707 3368 791 3421 die
823 3369 1281 3442 vorhergehenden

253 3438 500 3504 Subiecte
544 3437 855 3505 philosophi
896 3438 1002 3492 und
1037 3441 1280 3491 homines

248 3510 423 3559 severi
454 3505 664 3560 zuriick.

321 3579 369 3629 5.
406 3575 554 3642 quod
583 3577 819 3641 regibus.
878 3575 952 3628 Zu
989 3574 1157 3627 dieser
1187 3575 1280 3627 be-

251 3643 584 3697 fremdenden
595 3644 929 3711 Erwiihnung
949 3643 1040 3696 der
1061 3642 1278 3711 Konige,

253 3711 346 3766 auf
376 3712 461 3766 die
495 3727 551 3765 er
586 3711 719 3766 doch
756 3715 905 3766 sonet
936 3710 1091 3765 keine
1109 3710 1280 3764 Ruck-

253 3780 389 3834 sicbt
423 3781 622 3847 nimmt,
656 3781 726 3834 ist
750 3780 927 3834 Cicero
951 3780 1094 3835 wohl
1119 3780 1281 3834 durch

251 3848 364 3902 sein
416 3848 763 3916 griechischen
815 3848 1044 3917 Original
1099 3863 1282 3901 veran-

251 3917 398 3971 lasst.
477 3916 570 3969 Die
624 3916 834 3972 Stoiker
883 3916 1280 3972 unterscheiden

251 3984 477 4039 namlich
512 3984 621 4039 clrei
654 3985 1076 4051 Lebensweiaen3
1132 3985 1281 4042 Stob.

1422 1837 1434 1848 .
1462 1797 1562 1850 224
1588 1799 1733 1880 τρεῖς
1752 1794 1894 1848 εἶναι
1919 1800 2099 1864 βίους·
2135 1793 2235 1849 τὸν
2252 1800 2411 1864 βασι-

1419 1858 1553 1928 enlm,
1590 1883 1694 1918 τον
1729 1860 2031 1928 πολιτικόν,
2065 1860 2168 1917 τὸν
2188 1868 2409 1931 ἐπιστη-

1381 1930 1632 2002 μονικόν.
1681 1932 1799 2000 Vgl.
1834 1931 1958 1986 Sall.
1976 1932 2085 2000 lug.
2112 1935 2195 2000 31,
2214 1935 2281 1987 26
2310 1935 2413 1984 im-

1373 2017 1527 2122 {312⁶
1549 2000 2025 2123 “iffi‘'i‘osm‘
2043 2002 2208 2124 {593²
2228 2017 2411 2123 '2³51'ss

1381 2138 1556 2222 e'yagye
1601 2084 1991 2208 (τυραννευβειιξ)
2039 2136 2204 2191 τοῦτο
2252 2134 2316 2190 λε’
2347 2158 2410 2203 ω,

1381 2206 1586 2270 ἐξειναι
1609 2208 1671 2259 ἐν
1686 2206 1756 2280 τῇ
1782 2201 1941 2260 πόλει
1958 2201 1990 2259 ὃ
2009 2199 2082 2259 ἂν
2102 2202 2236 2280 δοκῇ
2257 2207 2413 2275 αυτῷ

1380 2278 1564 2331 ποιεῖν
1591 2275 1755 2329 τοῦτο
1784 2279 1877 2329 καὶ
1900 2272 2297 2329 ἄποκτίννυντι
2320 2280 2412 2329 καὶ

1382 2340 1705 2413 ἐκβάλλοντι
1749 2348 1841 2396 καὶ
1885 2338 2072 2398 πάντα
2106 2341 2410 2415 πράττοντι

1381 2409 1524 2465 κατὰ
1557 2409 1663 2478 τὴν
1697 2411 1894 2465 ἑαυτοῦ
1928 2407 2113 2474 δόξαν.

1455 2484 1610 2532 cuius
1631 2497 1823 2548 propr.
1859 2480 2016 2534 Arist.
2044 2480 2156 2534 Pol.
2177 2480 2264 2534 VII
2293 2484 2324 2535 2
2350 2483 2413 2534 ἓν

1385 2544 1449 2601 δὲ
1493 2551 1749 2630 (amicior
1798 2547 1894 2614 τῆς
1944 2545 2284 2621 ἐλευθερίας)
2344 2548 2410 2602 τὸ

1386 2616 1486 2683 ζῆν
1531 2632 1605 2668 ως
1688 2611 1909 2668 obierat
1949 2632 2059 2669 τις·
2109 2617 2274 2669 τοῦτο
2305 2615 2411 2689 γὰρ

1382 2684 1479 2751 τῆς
1510 2681 1630 2737 ἕλευ
1678 2688 1826 2768 eptae
1850 2683 2012 2756 ἔργον
2044 2682 2191 2737 εἷναί
2220 2700 2411 2755 φασιν.

1454 2756 1501 2808 8.
1513 2758 1794 2820 potentiae
1814 2754 2151 2821 cupidorum,
2175 2753 2257 2806 die
2277 2754 2410 2807 nach

1383 2822 1525 2875 einer
1541 2820 1669 2875 uber
1690 2822 1790 2875 alle
1809 2821 2254 2889 hervorragenden
2274 2821 2410 2876 Stel-

1382 2891 1510 2958 lung
1542 2890 1613 2943 im
1651 2889 1828 2943 Staate
1865 2891 2099 2953 streben;
2146 2891 2253 2958 vgl.
2289 2891 2410 2957 §64

1380 2964 1447 3010 ui
1464 2975 1589 3027 opes
1604 2971 1767 3026 quam
1786 2961 2055 3011 maximas
2085 2973 2412 3026 consequan-

1385 3033 1480 3079 tur
1498 3033 1553 3079 et
1565 3032 1678 3079 sint
1695 3031 1751 3080 vi
1763 3031 1951 3095 potius
1960 3032 2280 3095 superiores.
2306 3028 2409 3083 Cic.

1385 3096 1618 3149 scheidet
1637 3095 1782 3149 nicht
1800 3096 2016 3163 geborig
2038 3096 2300 3149 zwischen
2324 3096 2413 3149 de-

1384 3164 1722 3286 &timii
1735 3162 2160 3285 ‹iissssn‘i‘ssffiffss‘
2162 3179 2282 3285 31⁸5?
2286 3164 2411 3285 323

1385 3299 1762 3354 Staatsdienste
1786 3270 2039 3362 widmem
2085 3314 2141 3352 er
2163 3300 2277 3353 will
2300 3300 2412 3355 sich

1384 3384 1481 3423 nur
1493 3368 1591 3421 den
1604 3366 1911 3436 Uebergang
1925 3385 1989 3422 zu
2009 3369 2100 3421 der
2111 3368 2205 3422 Fra
2243 3370 2412 3424 cubet

1381 3437 1467 3490 die
1500 3436 1883 3505 Berechtigung
1917 3436 2028 3490 sich
2063 3453 2184 3491 vom
2249 3443 2408 3493 taats·

1382 3505 1584 3559 dienste
1617 3505 2057 3559 zuriickzuziehen
2091 3505 2282 3561 bilden.

1456 3577 1535 3627 15.
1555 3574 1769 3626 conced.
1780 3578 1857 3626 sii
1874 3589 2005 3628 rem.
2017 3590 2129 3626 non
2142 3589 2411 3641 capessen-

2327 292 2406 353 71

2454 1670 2511 1723 71

1382 3645 1541 3696 tibus.
1578 3643 1868 3695 concedere
1885 3643 1955 3696 ist
1970 3642 2260 3709 verzeihen,
2322 3642 2410 3699 .S.
2491 3688 2496 3692 .

1381 3710 1535 3765 Bosc.
1566 3715 1611 3778 1,
1636 3714 1667 3766 3
1705 3716 2007 3764 ceterorum
2031 3716 2227 3762 temere
2299 3714 2409 3764 icto

1383 3780 1607 3832 concedi
1631 3784 1830 3849 potest.
1896 3779 1999 3832 Das
2037 3778 2248 3846 object,
2297 3794 2409 3833 was

1382 3848 1658 3902 verziehen
1666 3848 1814 3915 wird,
1824 3848 1955 3915 liegt
1965 3848 2019 3900 in
2031 3848 2148 3901 dem
2158 3846 2383 3916 Particip
2394 3869 2412 3911 ς

1383 3916 1537 3971 Tusc.
1562 3915 1606 3969 11
1630 3919 1678 3983 7,
1702 3919 1766 3970 19
1801 3917 2019 3984 adspice
2039 3916 2410 3982 Philoctetam,

1384 3987 1477 4037 cui
1510 3985 1903 4038 concedendum
1938 3991 2016 4037 eet
2041 3988 2295 4051 gementi.
