2813 4537
398 270 479 334 78
1027 271 1112 325 DE
1150 269 1412 325 OFFICIIS
1449 267 1565 326 LIB.
1600 271 1636 324 1.
1694 270 1834 325 CAP.
1854 273 1935 324 24.

397 446 539 510 boni
581 464 756 528 quam
797 443 1133 507 addubitata
1176 444 1334 507 mali.
1392 443 1767 507 Periculosae
1808 453 2004 506 autem
2044 461 2245 506 rerum
2288 423 2554 506 actiones

394 533 612 615 partim
640 532 715 595 iis
743 539 914 605 sunt,
959 529 1062 610 qui
1106 547 1203 596 eas
1242 529 1608 611 suscipiunt,
1652 530 1868 611 partim
1905 531 1996 593 rei
2023 528 2315 611 publicae.
2374 528 2553 591 Item·

396 637 512 699 que
540 617 636 681 alii
667 618 740 680 de
768 617 904 689 vita,
934 614 1033 676 alii
1063 615 1137 676 de
1165 613 1352 694 gloria
1381 623 1440 677 et
1464 613 1872 678 benevolentia
1895 615 2111 677 civium
2139 615 2202 676 in
2232 614 2549 677 discrimen
2590 641 2612 654 -

394 711 696 765 vocantur.
759 699 1166 781 Promptiores
1209 701 1390 780 igitur
1429 699 1713 762 debemus
1757 719 1885 763 esse
1927 702 2000 763 ad
2044 708 2246 763 nostra
2289 698 2550 781 pericula

397 806 572 870 quam
614 788 688 850 ad
733 785 1091 854 communia,
1113 784 1513 867 dimicareque
1554 785 1815 867 paratius
1876 787 1948 849 de
1989 787 2218 849 honore
2264 792 2323 847 et
2365 784 2551 865 gloria

395 875 572 955 quam
601 873 673 934 de
703 872 917 934 ceteris
945 871 1291 933 commodis.

561 958 794 1020 Inventi
836 965 1032 1020 autem
1071 956 1242 1018 multi
1288 965 1461 1031 sunt,
1519 957 1620 1037 qui
1664 974 1787 1018 non
1831 956 2010 1017 modo
2053 956 2401 1038 pecuniam,
2446 957 2551 1018 sed

393 1043 568 1105 etiam
609 1043 782 1105 vitam
825 1042 1185 1124 profundere
1227 1060 1336 1123 pro
1377 1042 1565 1123 patria
1625 1041 1809 1123 parati
1853 1049 2083 1117 essent,
2126 1041 2283 1104 idem
2327 1041 2551 1122 gloriae

390 1129 674 1191 iacturam
716 1147 793 1190 ne
832 1127 1134 1189 minimam
1178 1126 1417 1207 quidem
1446 1127 1638 1190 facere
1666 1126 1917 1202 vellent,
1947 1146 2025 1189 ne
2052 1146 2119 1189 re
2147 1126 2384 1208 publica
2416 1126 2550 1209 qui·

391 1214 525 1275 dem
554 1212 912 1294 postulante,
940 1220 1010 1275 ut
1033 1201 1447 1287 Callicratidas„
1480 1213 1602 1293 qui,
1632 1230 1770 1276 cum
1802 1212 2403 1276 Lacedaemoniorum
2433 1213 2552 1276 dux
2593 1218 2653 1276 10

390 1299 599 1360 fuisset
624 1297 1128 1379 Peloponnesiaco
1160 1297 1316 1359 bello
1345 1297 1651 1380 multaque
1682 1298 1918 1360 fecisset
1960 1298 2228 1379 egregie,
2272 1299 2445 1362 vertit
2473 1298 2548 1360 ad

270 1435 277 1442 .
390 1392 715 1447 extremum
746 1382 975 1458 omnia,
1018 1402 1156 1445 cum
1186 1382 1440 1446 consilio
1471 1402 1593 1445 non
1637 1383 1832 1464 paruit
1874 1401 2112 1459 eorum,
2156 1384 2258 1466 qui
2300 1384 2547 1447 classem

387 1468 460 1530 ab
498 1468 809 1549 Arginusis
835 1468 1261 1531 ,removendam
1306 1487 1420 1530 nec
1463 1487 1601 1531 cum
1644 1468 2107 1532 Atheniensibus
2149 1469 2548 1533 dimicandum

387 1553 691 1636 putabant.
735 1552 964 1625 Quibus
992 1553 1092 1615 ille
1121 1554 1429 1635 respondit
1457 1554 1957 1617 Lacedaemonios
1994 1554 2180 1617 classe
2206 1555 2304 1617 illa
2334 1555 2548 1618 amissa

387 1639 558 1702 aliam
589 1657 796 1720 parare
824 1656 1032 1720 posse,
1076 1657 1139 1701 se
1167 1639 1374 1718 fugere
1416 1639 1545 1701 sine
1574 1657 1682 1702 suo
1715 1640 2002 1703 dedecore
2033 1659 2157 1703 non
2186 1659 2382 1722 posse.
2441 1641 2547 1702 At-

2592 1645 2650 1697 15

387 1743 503 1804 que
545 1725 690 1786 haec
736 1723 970 1805 quidem
999 1724 1482 1787 Lacedaemoniis
1524 1724 1695 1806 plaga
1725 1724 2071 1801 mediocris,
2119 1726 2219 1788 illa
2248 1725 2546 1810 pestifera,
2639 1751 2644 1758 ·

388 1827 522 1889 qua,
555 1827 691 1872 cum
721 1808 1136 1872 Cleombrotus
1163 1809 1442 1873 invidiam
1472 1809 1688 1873 timens
1719 1818 1942 1874 temere
1970 1830 2107 1874 cum
2135 1811 2546 1893 Epaminonda

385 1895 768 1970 conflixisset,
790 1894 1393 1958 Lacedaemoniorum
1425 1914 1572 1977 opes
1601 1906 1973 1959 corruerunt.
2005 1895 2238 1968 Quanto
2269 1896 2339 1974 Q.
2362 1897 2545 1959 Maxi·

382 1998 517 2042 mus
547 1979 788 2042 melius!
820 1980 894 2041 de
924 1998 1043 2060 quo
1074 1979 1336 2042 Ennius:

651 2062 815 2126 Unus
841 2064 1009 2126 homo
1037 2065 1204 2127 nobis
1236 2066 1558 2128 cunctando
1589 2068 1840 2127 restituit
1867 2084 2022 2129 rem:

640 2149 776 2211 Non
806 2154 960 2211 em‘m
988 2168 1252 2212 rumores
1272 2151 1523 2232 ponebat
1549 2160 1682 2213 ante
1709 2150 1977 2214 salutem.

641 2234 796 2316 Ergo
818 2244 1056 2319 postque
1083 2239 1375 2318 mayisque
1404 2240 1528 2299 viri
1552 2255 1709 2299 nunc
1735 2236 1926 2317 ylort‘a
1949 2237 2148 2335 claret.

449 2390 500 2440 4.
537 2388 953 2454 Promptiores-
971 2387 1046 2439 ad
1078 2393 1267 2440 nostra
1297 2405 1413 2455 per.

379 2483 422 2492 -
455 2455 718 2507 dimicare
732 2458 988 2522 paratius
1012 2461 1111 2512 cet.
1158 2455 1303 2509 Mehr
1319 2457 1412 2509 be·

378 2523 477 2575 reit
508 2538 728 2576 unseren
750 2522 982 2577 Vortheil
1019 2524 1097 2577 als
1130 2524 1221 2578 das
1251 2524 1410 2578 Wohl

380 2591 472 2643 des
490 2589 828 2653 Vaterlandes
854 2593 997 2645 einer
1013 2591 1202 2646 Gefahr
1225 2608 1410 2651 auszu·

379 2664 556 2713 setzen
580 2660 686 2713 und
704 2661 847 2714 mehr
864 2661 1030 2714 hereit
1049 2662 1200 2714 einen
1213 2661 1411 2729 Kampf

376 2728 468 2781 auf
484 2743 581 2781 uns
600 2744 666 2782 zu
684 2728 902 2781 nehmen
916 2746 967 2783 u.
983 2745 1022 2782 S.
1039 2745 1106 2785 w.
1131 2728 1292 2783 Unter
1305 2730 1404 2782 den

376 2799 568 2847 ceteris
602 2797 893 2848 commodis
934 2796 1051 2849 sind
1095 2795 1401 2851 Reichthum

373 2863 479 2916 und
515 2862 704 2916 audere
740 2866 947 2917 {iussere
983 2864 1142 2917 Gi‘iter
1188 2881 1252 2919 zu
1288 2880 1403 2918 ver-

374 2930 575 2996 stehen,
606 2930 697 2983 das
715 2932 886 2985 Leben
903 2932 1000 2985 mit
1019 2933 1398 3000 cingerechnet.

370 2998 559 3052 Dutch·
576 3001 784 3055 inventi
818 3005 997 3052 autem
1032 3000 1198 3053 erhilt
1232 3001 1401 3055 dieser

374 3065 515 3132 Satz,
552 3066 646 3120 der
675 3067 808 3122 doch
843 3069 942 3122 den
976 3068 1144 3123 Ruhm
1183 3069 1265 3122 fiir
1299 3071 1399 3124 den

372 3135 693 3202 wurdigsten
707 3136 1035 3205 Gegenstand
1047 3138 1139 3191 des
1152 3137 1398 3208 Kampses

372 3203 592 3270 erklart,
635 3205 750 3260 eine
784 3206 1224 3273 Einschrfinkung.

440 3276 488 3327 8.
540 3273 714 3325 idem:
767 3275 898 3328 auch
942 3275 1053 3328 hier
1101 3275 1258 3328 sollte
1306 3275 1397 3328 der

367 3346 506 3474 frgte
553 3339 675 3462 S5atz
719 3343 1032 3396 subordinirt
1079 3344 1218 3410 sein,
1272 3359 1313 3397 s.
1352 3361 1395 3399 z.

440 3481 519 3531 10.
560 3477 938 3530 Callicratidas
958 3479 1193 3547 besiegte
1222 3478 1298 3533 Ol.
1312 3483 1394 3546 93,

370 3550 401 3601 2
414 3546 556 3614 (406)
575 3544 758 3600 Konon
776 3547 862 3600 hei
872 3545 969 3600 Mit
1006 3548 1140 3614 lene,
1159 3548 1395 3602 eroherte

366 3615 561 3668 Lesbos
608 3615 714 3669 und
748 3615 935 3668 andere
991 3617 1167 3683 nseln,
1217 3616 1394 3670 wurde

366 3685 489 3738 aber
523 3682 609 3736 hei
643 3684 745 3738 den
760 3683 1047 3751 Arginusen
1078 3684 1392 3751 geschlagen

364 3752 471 3806 und
488 3750 575 3803 fiel
597 3752 652 3805 in
669 3753 760 3806 der
776 3752 1046 3815 Schlacht3
1083 3753 1188 3820 vgl.
1219 3752 1254 3821 ἦ
1276 3756 1388 3807 109.

363 3820 473 3873 Den
521 3819 594 3872 fol
632 3821 797 3874 enden
843 3821 1142 3889 Ausspruch
1195 3820 1391 3875 erzfihlt

366 3889 550 3943 anders
644 3889 883 3957 enophon
928 3889 1125 3944 Hellen.
1161 3890 1182 3942 1
1228 3893 1285 3955 6,
1322 3892 1387 3944 32

365 3952 802 4026 Καλλικρατίδας
859 3953 922 4010 δὲ
978 3956 1132 4012 εἶπεν
1145 3997 1160 4023 ,
1218 3950 1304 4012 ὅτι
1355 3952 1390 4025 ἡ

1513 2384 1746 2469 Σπάρτη
1820 2379 1981 2440 οὐδὲν
2040 2382 2231 2451 κάκιρν
2291 2387 2541 2443 οἰκιεῒται

1515 2449 1695 2541 οιξῧίυυς
1734 2450 2151 2543 ἀποθανρντος,
2206 2452 2428 2530 φεύγειν
2478 2453 2541 2510 δὲ

1513 2523 1921 2660 αιῗξῗοῗαίῗςίζῖζ
1954 2528 2117 2646 ξὲῗιῖὁιι
2151 2593 2234 2647 bis
2269 2593 2425 2646 dahin
2459 2593 2537 2646 als

1508 2660 1700 2714 Fiihrer
1731 2661 2054 2728 ausgetreten
2073 2677 2195 2717 war.
2242 2661 2362 2715 Man
2382 2662 2536 2716 sollte

1510 2728 2157 2859 erwartefnmegsepuflbgr
2206 2730 2310 2797 vgl.
2365 2730 2398 2799 ξ
2435 2733 2533 2785 116

1505 2813 1617 2850 non
1657 2814 1719 2849 m
1864 2815 1896 2849 r
1999 2814 2099 2850 me
2124 2837 2137 2852 .

1579 2869 1657 2919 17.
1709 2866 2087 2919 Cleombrotus.
2135 2866 2280 2920 Nach
2296 2865 2535 2933 Xenoph.

1504 2932 1702 2987 Hellen.
1739 2932 1807 2986 vl
1841 2936 1892 2999 4,
1929 2938 1959 2988 5
1997 2933 2252 2988 fiirchtete
2288 2950 2343 2987 er
2378 2934 2534 2986 theils

1504 3001 1653 3055 einen
1679 3000 1953 3069 Vergleich
1974 3003 2070 3056 mit
2092 3001 2381 3071 AgesilauS‚
2407 3002 2535 3055 wel·

1503 3069 1623 3123 cher
1658 3070 1757 3123 den
1779 3070 2209 3125 Lacedfimoniern
2238 3070 2401 3125 sehon
2424 3070 2529 3123 viel

1502 3139 1646 3191 mehr
1663 3142 1878 3205 genutzt
1893 3138 2038 3193 hatte
2057 3140 2135 3193 als
2154 3155 2223 3206 er,
2256 3139 2410 3192 theils
2429 3139 2530 3192 den

1502 3206 1760 3260 Verdacht
1826 3207 1967 3260 eines
2019 3206 2530 3261 Einverstandnisses

1500 3275 1595 3327 mit
1630 3275 1729 3328 den
1753 3273 2084 3341 Thebanern‚
2121 3276 2211 3329 der
2244 3276 2331 3328 ihn
2367 3275 2530 3329 sehon

1500 3343 1673 3396 friiher
1708 3342 1959 3411 getroffen
1994 3344 2155 3398 hatte.

1572 3415 1650 3466 19.
1718 3413 1960 3478 Ennius,
2016 3413 2070 3465 in
2122 3412 2222 3465 den
2273 3411 2528 3477 Annalen‚

1498 3480 1924 3535 wahrscheinlich
1960 3480 2076 3533 dem
2112 3483 2159 3534 9.
2197 3479 2388 3534 Buche.

1567 3551 1648 3602 21.
1685 3552 1844 3615 enim,
1883 3565 1929 3602 z.
1965 3547 2102 3616 561.
2162 3551 2400 3616 ponebat
2429 3546 2526 3600 mit

1497 3615 1675 3683 langer
1709 3616 1997 3685 Endsylbe,
2034 3617 2136 3670 wie
2170 3617 2223 3670 in
2259 3616 2350 3670 der
2384 3616 2524 3671 alten

1495 3683 1739 3738 Latinitat
1771 3685 2123 3753 regelmfissig.

1564 3756 1644 3808 22.
1678 3759 1903 3821 postque
1926 3757 2203 3819 magisque
2237 3756 2348 3805 viri
2374 3767 2526 3803 nuno

1494 3850 1533 3859 —
1558 3822 1754 3874 claret:
1790 3822 1892 3875 wie
1918 3820 2001 3873 die
2025 3821 2192 3874 Sache
2220 3823 2358 3887 jetzt
2380 3820 2524 3873 steht

1492 3891 1688 4011 gnane)
1725 3891 1901 4011 gffinzt
1932 3890 2044 3943 sein
2066 3889 2236 3942 Ruhm
2264 3891 2323 3956 je
2347 3891 2524 3957 spiter

1527 3964 1639 4012 esto
1675 3974 1758 4012 me
1821 3998 1836 4015 .
