2813 4537
1034 716 1111 777 Μ.
1163 715 1420 777 TULLII
1473 713 1875 778 CICERONIS

471 867 617 965 DE
702 865 1161 967 OFFIOIIS
1234 866 1393 964 AD
1467 865 1947 965 MARCUM
2023 864 2426 965 FILIUM

1160 1054 1350 1107 LIBER
1386 1052 1742 1107 SECUNDUS.

552 1226 736 1299 Quem
782 1226 853 1288 ad
899 1226 1139 1289 modum
1186 1227 1377 1289 officia
1422 1228 1783 1290 ducerentur
1824 1227 1898 1289 ab
1943 1227 2282 1304 honestate,
2333 1227 2534 1289 Marce
2633 1223 2638 1232 ’

309 1319 335 1370 1
381 1312 484 1388 fili,
514 1322 690 1393 atque
720 1311 792 1374 ab
826 1312 987 1373 omni
1018 1330 1237 1392 genere
1265 1312 1518 1387 virtum,
1550 1313 1689 1375 satis
1713 1311 2067 1394 explicatum
2091 1312 2346 1376 arbitror
2374 1313 2527 1375 libro

379 1397 707 1480 superiore.
781 1396 1064 1478 Sequitur
1093 1406 1158 1460 ut
1185 1398 1330 1460 baec
1361 1399 1693 1460 officiorum
1738 1415 1953 1477 genera
1997 1416 2337 1480 persequar,
2379 1416 2529 1479 quae

380 1484 685 1565 pertinent
730 1483 801 1544 ad
845 1482 994 1544 vitae
1036 1483 1261 1545 cultum
1303 1491 1360 1545 et
1402 1484 1475 1546 ad
1517 1501 1719 1545 earnm
1755 1501 1976 1558 rerum,
2021 1482 2246 1564 quibus
2276 1494 2528 1546 utuntur

379 1569 670 1641 homines,
701 1568 1055 1643 facultatem,
1085 1569 1158 1631 ad
1188 1586 1352 1651 opes,
1383 1569 1455 1630 ad
1488 1568 1717 1650 copias:
1760 1568 1842 1646 [in
1874 1585 1994 1649 quo
2021 1577 2146 1630 tum
2176 1569 2379 1650 quaeri
2411 1569 2528 1631 dixi
2557 1579 2587 1629 5

380 1654 520 1736 quid
562 1651 728 1728 utile,
782 1654 920 1735 quid
962 1654 1190 1729 inutile,
1244 1664 1370 1716 tum
1410 1673 1481 1716 ex
1524 1653 1772 1716 utilibus
1814 1653 1956 1734 quid
1997 1653 2200 1717 utilius
2242 1662 2343 1716 aut
2386 1654 2526 1735 quid

378 1739 629 1802 maxime
660 1738 846 1818 utile.]
905 1739 991 1801 De
1021 1740 1239 1821 quibus
1266 1740 1463 1802 dicere
1492 1740 1817 1819 adgrediar,
1848 1740 1896 1801 si
1921 1758 2106 1821 pauca
2137 1740 2303 1821 prius
2333 1740 2526 1802 dein·

379 1826 583 1888 stituto
614 1843 684 1887 ac
713 1826 785 1887 de
814 1825 1034 1889 iudicio
1065 1844 1198 1887 meo
1238 1826 1461 1888 dixero.
1550 1824 1918 1906 Quamquam
1962 1825 2121 1887 enim
2163 1825 2296 1887 libri
2341 1825 2528 1887 nostri

377 1903 713 1993 complures
745 1929 864 1972 non
897 1911 1075 1972 modo
1104 1911 1174 1972 ad
1205 1911 1460 1991 legendi,
1500 1911 1602 1973 sed
1635 1911 1809 1972 etiam
1840 1910 1912 1972 ad
1941 1910 2238 1972 scribendi
2268 1910 2527 1973 studium

380 1996 807 2070 excitaverunt,
849 2006 1046 2058 tamen
1090 1996 1386 2058 interdum
1427 2011 1635 2057 vereor
1676 2014 1752 2056 ne
1795 1994 2143 2077 quibusdam
2187 1996 2361 2057 bonis
2389 1994 2528 2057 viris

377 2081 785 2164 philosophiae
827 2099 1046 2143 nomen
1091 2081 1170 2143 sit
1212 2081 1466 2143 invisum
1510 2081 1917 2161 mirenturque
1958 2080 2020 2141 in
2065 2099 2131 2141 ea
2174 2089 2399 2142 tantum
2430 2099 2526 2141 me

448 2252 494 2302 5.
529 2246 870 2310 facultatem:
905 2263 952 2300 z.
985 2246 1006 2300 1
1042 2247 1074 2314 ξ
1112 2250 1159 2301 9.

444 2321 505 2368 in
561 2332 664 2382 quo
718 2321 832 2367 tum
878 2345 922 2356 -
965 2320 1201 2368 maxime
1249 2317 1400 2368 utile.

376 2385 476 2438 Der
522 2385 707 2437 zweite
743 2383 893 2437 Theil
929 2385 1020 2438 des
1057 2382 1237 2438 Satzes
1286 2390 1400 2436 tum

378 2471 447 2504 ex
481 2452 598 2505 atil.
636 2482 680 2492 -
708 2468 855 2506 maoe.
878 2453 1012 2505 utile
1047 2452 1177 2506 fehlt
1211 2453 1263 2506 in
1299 2452 1399 2506 den

376 2523 560 2575 besten
575 2519 722 2574 Hdss.
770 2520 1049 2574 Ueberdies
1073 2526 1269 2575 miisste
1290 2522 1401 2574 sich

378 2594 438 2641 in
474 2606 578 2656 quo
617 2589 709 2642 auf
740 2591 839 2643 den
875 2605 1072 2656 ganzen
1110 2588 1233 2642 Satz
1270 2596 1335 2643 ut
1356 2620 1398 2629 —

375 2673 673 2726 persequar
717 2659 820 2711 und
869 2659 934 2710 de
968 2660 1161 2725 quibus
1210 2659 1403 2711 wieder

379 2727 470 2780 auf
519 2726 830 2790 officiorum
874 2742 1081 2792 genera
1137 2726 1402 2780 bezieben.

377 2794 446 2847 Es
483 2795 551 2847 ist
587 2794 745 2847 daher
778 2794 1230 2860 wahrecbeinlieh‚
1284 2796 1404 2848 dass

378 2863 471 2914 mit
504 2861 622 2913 dem
658 2861 811 2915 Satze
857 2863 941 2914 ein
974 2863 1128 2915 Leser
1175 2863 1285 2916 sich
1321 2862 1403 2916 die

376 2929 706 2998 Haupttheile
755 2930 846 2982 des
882 2929 1111 2996 BucheS,
1164 2930 1246 2983 die
1297 2947 1405 2984 von

379 3014 423 3051 c.
442 2999 589 3052 3-24
624 2997 728 3050 und
765 3014 807 3050 c.
827 3000 891 3051 25
929 2999 1249 3066 besprochen
1274 3014 1406 3051 wer-

378 3067 500 3131 den,
555 3081 643 3118 urs
679 3065 914 3133 runglich
963 3082 1028 3118 an
1076 3067 1191 3119 dem
1226 3066 1402 3119 Raude

377 3132 611 3187 hemerkt
645 3082 805 3188 gatte.

447 3206 493 3255 7.
549 3203 616 3255 de
660 3206 910 3255 instituto
959 3220 1025 3255 ae
1072 3205 1138 3255 de
1179 3204 1404 3269 iudicia,

378 3271 505 3324 uber
548 3271 682 3323 mein
737 3270 1116 3324 Unternehmen
1168 3271 1273 3324 und
1318 3271 1401 3324 die

377 3337 622 3405 Ansicht‚
670 3339 760 3391 der
792 3339 877 3391 ich
912 3339 1068 3406 folge.
1138 3341 1401 3391 iudicium

377 3406 584 3459 beziebt
608 3407 719 3460 sich
754 3407 845 3460 auf
877 3407 959 3460 die
975 3407 1402 3475 Rechtfertigung

376 3475 470 3612 ges
499 3543 523 3595 f
556 3475 944 3528 academischen
1014 3474 1401 3543 Standpunktes

447 3613 493 3665 8.
514 3610 617 3663 Das
630 3608 939 3677 Proomium‚
958 3612 1122 3664 worin
1138 3611 1240 3666 Cic.
1259 3612 1401 3664 seine

412 3678 833 3746 hilosopbischen
867 3678 1083 3732 Studien
1119 3680 1247 3732 nach
1285 3679 1401 3732 dem

376 3696 705 3813 Untergange
749 3747 839 3800 der
880 3747 1139 3814 Republik
1187 3748 1239 3816 (5
1273 3748 1400 3813 1-6)

377 3813 483 3868 und
532 3815 673 3867 seine
717 3814 960 3868 Methode
997 3815 1053 3883 (ξ
1092 3820 1120 3868 7
1141 3816 1199 3881 f.)
1235 3816 1403 3869 recht-

380 3882 574 3949 fertigt‚
613 3883 808 3935 stimmt
843 3885 941 3937 den
968 3883 1246 3937 Gedanken
1272 3884 1401 3938 nach

380 3965 510 4017 ganz
546 3950 756 4002 fiber-ein
792 3952 885 4004 mit
921 3951 1036 4004 dem
1078 3968 1194 4005 zum
1231 3957 1401 4006 ersten

1503 2245 1678 2300 Buche
1695 2248 1764 2299 de
1777 2251 1889 2301 nat.
1910 2246 2057 2299 deor.
2089 2246 2145 2299 In
2159 2246 2256 2300 den
2268 2246 2527 2301 Schriften

1504 2315 1608 2370 Gic.
1645 2332 1737 2369 aus
1772 2315 1872 2368 den
1906 2315 2095 2368 Jabren
2120 2319 2190 2369 44
2221 2332 2273 2369 u.
2309 2319 2373 2370 43
2412 2316 2529 2369 sind

1503 2384 1587 2437 die
1622 2383 1892 2438 Proomien
1928 2383 2012 2436 bei
2048 2383 2255 2437 weitem
2287 2385 2431 2437 nieht
2467 2401 2527 2437 so

1504 2452 1776 2520 sorgfiltig·
1807 2453 2188 2519 ausgearbeitet
2240 2453 2318 2505 als
2361 2454 2415 2505 in
2461 2454 2528 2504 de

1506 2522 1607 2587 leg.
1630 2520 1736 2574 und
1759 2521 1825 2573 de
1846 2537 1907 2572 re
1922 2537 1999 2588 p.‚
2031 2521 2137 2574 und
2171 2520 2528 2574 beschriinken

1505 2589 1616 2643 sich
1662 2589 1754 2642 auf
1797 2589 1911 2642 eine
1945 2590 2158 2656 seringe
2190 2589 2390 2642 Anzahl
2422 2605 2528 2642 von

1504 2657 1810 2723 Gedanken,
1864 2657 1949 2710 die
2000 2657 2262 2710 melnfach
2315 2657 2531 2710 wieder-

1504 2725 1715 2780 kehren.
1784 2725 1864 2778 Aa
1897 2725 2055 2778 Attio.
2091 2725 2206 2778 XVI
2240 2729 2304 2792 6,
2337 2730 2373 2779 4
2412 2730 2530 2792 εισι

1506 2794 1608 2847 Cic.
1646 2796 1811 2846 habeo
1834 2794 2082 2845 volumen
2099 2798 2529 2862 proemiorum·-

1506 2879 1576 2947 ea':
1610 2878 1671 2913 eo
1708 2862 1908 2928 eligere
1939 2863 2107 2929 soleo,
2152 2879 2271 2915 emm
2306 2862 2531 2929 aliquod

1505 2936 2163 3051 συζῖρέἔῖἔηῖῒηήάῗῗᾞθ
2199 3002 2302 3050 nat.
2340 2997 2477 3050 deor.
2506 2996 2525 3048 l

1504 3070 1554 3132 4,
1575 3069 1606 3119 8
1644 3082 1810 3132 eoque
1831 3082 1916 3117 me
1947 3071 2127 3118 minus
2160 3069 2398 3118 instituti
2422 3067 2529 3116 mei

1497 3135 1939 3255 'Wffinqk‘ssff
1951 3134 2134 3255 Ᾰῖῗέθ
2145 3139 2531 3268 ἆῑῖῗαῖἼέῗι

1504 3274 1669 3323 etiam
1711 3273 1983 3323 ,vm-ibendi
2023 3271 2205 3323 studia
2240 3285 2529 3322 eommove-

1501 3342 1625 3392 rim.
1660 3338 1777 3405 Vgl.
1801 3338 1865 3391 de
1889 3339 1976 3393 off.
2001 3339 2022 3391 Ι
2044 3339 2077 3407 5
2101 3342 2120 3392 1
2150 3344 2216 3390 ut
2236 3354 2347 3390 non
2368 3338 2527 3390 modo

1508 3407 1835 3460 Graecarum
1871 3408 2177 3459 litterarum
2211 3408 2374 3458 rudes
2384 3445 2400 3471 ,
2434 3406 2530 3457 aed

1502 3478 1663 3528 etiam
1712 3476 1862 3528 docti
1911 3476 2248 3542 aliquantum
2295 3491 2351 3525 ee
2386 3475 2528 3525 arbi-

2573 2004 2631 2055 lo

1504 3548 1719 3596 treatm-
1742 3545 1961 3611 adeptos
1997 3548 2050 3594 et
2085 3543 2159 3595 ad
2174 3542 2458 3594 dicendum
2476 3547 2527 3593 el
2566 3554 2574 3559 ·

1504 3613 1578 3664 ad
1606 3613 1974 3664 iudicandum.

1578 3683 1655 3735 10.
1693 3683 1820 3732 boni
1854 3683 1991 3731 viri.-
2027 3696 2069 3732 z.
2107 3678 2128 3730 1
2162 3678 2297 3746 520.

1577 3752 1655 3802 11.
1689 3748 2060 3815 philosophiae
2094 3762 2305 3800 nomen.
2340 3756 2344 3759 ’
2376 3747 2526 3801 Diese
2609 3805 2613 3811 ,

1505 3816 1913 3883 Umschreibung
1924 3816 2142 3870 braucbt
2155 3815 2256 3868 Cic.
2270 3815 2363 3882 oft,
2377 3831 2461 3870 wo
2473 3831 2528 3868 er

1506 3885 1654 3937 einen
1667 3882 1865 3952 B'egriff
1875 3885 1925 3936 in
1946 3886 2114 3938 seiner
2129 3883 2528 3951 Allgemeinheit

1505 3952 1819 4006 bezeichnen
1844 3953 1970 4007 will.
2017 3952 2080 4005 111
2097 3952 2130 4020 ξ
2154 3956 2247 4007 101
2271 3952 2530 4004 utilitatis
