2813 4537
370 292 493 368 102
1006 291 1090 346 DE
1128 291 1390 347 OFFIGIIS
1427 291 1546 345 LlB.
1583 291 1618 345 1.
1690 290 1831 344 CAP.
1867 294 1953 345 35.

367 468 439 532 ad
470 468 897 549 eloquendum,
930 467 1030 527 sed
1062 466 1204 527 satis
1232 465 1346 527 erit
1372 464 1665 545 intellegi,
1711 464 1770 527 in
1802 465 1897 525 his
1926 471 2120 526 autem
2150 463 2343 526 tribus
2371 483 2520 526 con-

367 555 593 616 tinetur
622 571 761 615 cura
791 553 966 614 etiam
996 550 1127 625 illa,
1171 560 1237 612 ut
1268 550 1591 631 probemur
1619 550 1725 624 iis,
1767 549 2120 631 quibuscum
2149 549 2306 630 apud
2337 568 2518 630 quos-

368 658 485 721 que
530 639 820 713 vivamuS,
865 638 956 699 his
998 654 1237 717 quoque
1280 637 1353 696 de
1396 635 1577 697 rebus
1619 654 1803 716 pauca
1847 635 2136 697 dicantur.
2194 633 2517 717 Principio

367 724 637 806 corporis
682 723 870 785 nostri
897 740 1168 802 magnam
1210 728 1421 783 natura
1461 721 1589 802 ipsa
1631 721 1861 782 videtur
1902 718 2179 782 habuisse
2205 721 2518 796 rationem,

368 828 519 890 quae
547 809 796 870 formam
826 817 1088 870 nostram
1118 807 1526 887 reliquamque
1554 807 1837 885 figuram,
1869 805 1932 866 in
1964 823 2079 886 qua
2109 814 2264 867 esset
2293 807 2522 887 species
2549 819 2579 868 5

364 896 646 969 honesta,
679 912 807 955 eam
835 893 1037 974 posuit
1064 892 1125 953 in
1158 902 1473 973 promptu,
1517 909 1667 971 quae
1697 901 1894 972 partes
1921 898 2118 952 autem
2149 892 2417 972 corporis
2444 893 2515 954 ad

284 1013 294 1026 .
368 989 610 1041 naturae
643 978 1048 1040 necessitatem
1077 976 1242 1039 datae
1285 985 1590 1057 aspectum
1634 985 1831 1038 essent
1859 976 2181 1038 deformem
2213 976 2518 1038 habiturae

266 1074 542 1145 127atque
571 1065 807 1125 foedum
827 1108 844 1137 ,
889 1081 986 1124 eas
1016 1061 1276 1124 contexit
1304 1070 1481 1143 atque
1509 1061 1749 1125 abdidit.
1807 1061 1976 1124 Hanc
2007 1069 2251 1124 naturae
2279 1070 2397 1123 tam
2427 1062 2517 1123 di-

365 1150 647 1228 ligentem
689 1148 970 1210 fabricam
1013 1148 1234 1210 imitata
1277 1156 1365 1209 est
1391 1147 1704 1209 hominum
1733 1147 2103 1209 verecundia.
2164 1146 2326 1218 Quae
2355 1148 2515 1208 enim

366 1242 576 1296 natura
604 1233 949 1309 occultavit,
995 1234 1196 1295 eadem
1227 1251 1464 1308 omneS,
1497 1233 1598 1313 qui
1629 1251 1771 1295 sana
1798 1241 1998 1295 mente
2026 1241 2186 1307 sunt,
2215 1242 2519 1295 removent
2561 1242 2618 1294 10

364 1320 438 1380 ab
470 1319 689 1393 oculiS,
733 1318 966 1400 ipsique
1010 1319 1343 1380 necessitati
1371 1319 1517 1379 dant
1545 1336 1785 1399 operam
1816 1328 1878 1380 ut
1911 1336 2088 1398 quam
2118 1317 2518 1380 occultissime

363 1415 637 1485 pareant:
683 1422 1051 1484 quarumque
1079 1404 1336 1485 partium
1378 1404 1649 1484 corporis
1678 1421 1823 1465 usus
1850 1414 1990 1465 sunt
2022 1403 2370 1478 necessarii,
2419 1422 2519 1466 eas

364 1508 560 1570 neque
587 1500 785 1570 partes
814 1507 1008 1569 neque
1037 1507 1239 1550 earum
1270 1507 1413 1550 usus
1440 1489 1564 1550 suis
1597 1489 1937 1550 nominibus
1964 1488 2297 1570 appellant,
2328 1490 2522 1569 quod·-

365 1592 481 1654 que
510 1575 704 1636 facere
732 1584 908 1655 turpe
939 1592 1060 1636 non
1093 1582 1215 1649 est,
1245 1573 1424 1635 modo
1455 1573 1707 1649 occulte,
1737 1574 1796 1636 id
1825 1574 2023 1648 dicere
2053 1573 2378 1636 obscenum
2408 1583 2516 1636 est.

362 1658 568 1739 ltaque
611 1678 722 1721 nec
763 1660 917 1722 actio
946 1677 1146 1720 rerum
1190 1657 1425 1721 illarum
1466 1668 1667 1740 aperta
1697 1659 2021 1740 petulantia
2048 1666 2214 1720 vacat
2244 1677 2355 1721 nec
2384 1678 2518 1721 ora·
2560 1671 2617 1724 15

259 1744 542 1806 128tionis
573 1744 924 1807 obscenitas.
982 1743 1105 1805 Nec
1132 1762 1271 1805 vero
1310 1744 1586 1806 audiendi
1633 1751 1775 1807 sunt
1805 1743 2009 1825 Cynici
2053 1754 2154 1806 aut
2182 1744 2232 1805 si
2276 1745 2378 1825 qui
2424 1746 2519 1806 fu-

363 1867 444 1912 tas
479 1860 601 1912 oder
632 1860 984 1927 pulchritudo
1021 1875 1064 1914 c.
1105 1862 1170 1913 36
1202 1860 1256 1925 f„
1304 1858 1387 1910 die

359 1927 510 1980 beide
536 1943 831 1980 zusammen
865 1928 956 1980 der
990 1922 1278 1995 κοσμιότης
1300 1927 1385 1979 bei
1492 1928 1624 1980 auch
1658 1928 1767 1980 hier
1801 1944 1897 1982 nur
1932 1927 2015 1980 die
2047 1927 2379 1996 Eintheilung
2411 1944 2517 1981 von

358 1996 454 2049 Dio
492 2010 615 2048 enes
650 2012 715 2048 zu
749 1996 1089 2064 entsprechen
1127 1996 1386 2061 scheinen,
1493 1995 1595 2048 den
1613 1994 1856 2049 Stoikern
1883 2000 2213 2050 entnommen
2240 2012 2303 2049 zu
2332 1997 2517 2061 haben,

361 2079 428 2116 en
483 2064 567 2115 ich
602 2064 736 2115 ordo
771 2080 954 2115 rerum
989 2080 1033 2118 c.
1070 2067 1138 2117 40
1158 2063 1194 2116 f.
1490 2064 1735 2117 wahl-end
1811 2064 1895 2117 die
1963 2062 2297 2132 Ausffihrung
2374 2065 2516 2117 scine

997 2132 1349 2198 eloquendum
1367 2151 1386 2182 .·
1489 2132 1707 2199 eigenen
1740 2131 2020 2185 Gedanken
2055 2133 2268 2185 enthiilt.

1561 2204 1640 2254 15.
1660 2204 2039 2253 neom-ationis
2053 2203 2347 2253 obscenitas
2356 2201 2512 2255 niiml.

1480 2270 1793 2337 petulantia
1827 2275 2014 2322 vacat.-
2053 2275 2190 2322 orat.
2229 2272 2363 2324 obse.
2402 2274 2514 2323 ent·

1489 2338 1684 2405 spricht
1722 2338 1836 2390 dem
1872 2342 2018 2391 actio
2053 2343 2258 2405 aperta.
2308 2338 2401 2391 Die
2425 2354 2514 2391 an-

1488 2405 1608 2458 dere
1637 2407 1813 2459 Lesart
1845 2411 2024 2458 oratio
2057 2409 2382 2459 obscenitate
2401 2423 2514 2460 ver·

1492 1874 1582 1925 gar
1637 1860 1777 1912 nicht
1831 1859 1928 1912 ein.
2028 1858 2096 1911 Er
2154 1859 2353 1913 scheint
2405 1860 2516 1913 also

446 2129 765 2194 difficilibus
845 2132 919 2183 ad

360 2202 392 2265 ἐ
429 2202 833 2334 {flammeum
869 2267 993 2335 geht
1027 2266 1119 2321 auf
1151 2266 1250 2320 den
1272 2282 1388 2336 per-

361 2336 629 2389 sbnlichen
665 2335 912 2402 Verkebr‚
951 2337 1100 2404 apud
1131 2351 1265 2402 quos
1298 2335 1390 2388 auf

359 2405 453 2457 das
470 2404 639 2457 locale
650 2404 1195 2459 Zusammenwohnen.
1231 2403 1385 2458 Tusc.

358 2473 380 2526 1
417 2476 498 2538 33,
521 2476 581 2527 81
622 2476 767 2524 vixit
801 2489 922 2525 cum
943 2472 1229 2535 Africano.
1265 2471 1384 2526 Hor.

359 2545 458 2596 sat.
487 2541 508 2592 1
536 2545 584 2608 4,
606 2544 671 2595 80
696 2547 774 2593 est
796 2547 990 2594 auctor
1013 2545 1134 2608 quis
1157 2542 1387 2607 denique

358 2625 562 2675 eorum,
597 2613 718 2660 via-i
753 2626 874 2662 cum
907 2613 1112 2677 quibus.

427 2681 475 2731 3.
512 2679 821 2745 Pn‘ncipio:
857 2694 897 2731 ε.
935 2677 968 2745 5
998 2683 1076 2730 11.

427 2751 476 2801 5.
506 2746 692 2810 figura
721 2747 792 2797 ist
822 2745 912 2798 der
942 2748 1147 2798 dussere
1171 2737 1383 2812 UmrisS,

358 2814 442 2866 die
487 2813 688 2865 Gestalt
740 2813 883 2865 eines
934 2811 1150 2879 Dinges‚
1201 2812 1383 2875 forma

358 2880 600 2934 schliesst
617 2881 779 2932 Farbe
795 2880 900 2934 und
912 2879 1072 2947 Alles,
1097 2896 1207 2933 was
1224 2880 1384 2934 durch

357 2949 458 3001 den
476 2946 626 2999 Blick
647 2948 1096 3014 wahrgenommen
1120 2948 1267 3014 wird,
1290 2949 1384 3001 mit

358 3017 443 3068 ein
457 3056 470 3081 ‚
525 3014 682 3068 daher
734 3016 816 3068 die
860 3016 1163 3069 Ausdrficke
1209 3016 1384 3084 bfiufig

357 3100 384 3137 ε
424 3099 530 3136 non
672 3084 952 3150 gebraucht
1007 3085 1228 3138 werden.
1311 3084 1382 3138 So

403 3168 511 3207 usc.
562 3155 641 3219 16,
655 3156 718 3205 37
739 3151 974 3214 formam
991 3155 1232 3219 aliquam
1243 3154 1385 3219 figu-

356 3237 581 3287 ramque
613 3224 988 3288 (animorum)
1039 3225 1383 3288 quaerebant.

354 3290 477 3341 Hier
505 3289 666 3342 denkt
696 3290 798 3342 Cic.
832 3290 920 3342 bei
946 3289 1127 3352 forma
1151 3294 1382 3343 nument-

353 3357 459 3410 lich
477 3372 542 3409 an
563 3356 656 3410 das
671 3357 763 3410 An
777 3358 933 3411 tlitz
949 3399 963 3424 ,
996 3358 1151 3411 daher
1170 3359 1381 3425 reliqua

352 3426 554 3491 figura.
590 3424 737 3492 §130
772 3425 985 3487 formae
1019 3427 1261 3492 dignitas
1295 3443 1381 3478 co-

355 3494 491 3545 loris
526 3495 764 3545 bonitate
799 3496 1017 3547 tuenda.

422 3565 474 3617 9.
525 3564 744 3613 imitata
789 3567 892 3628 est,
944 3563 1016 3615 ist
1048 3562 1129 3615 ihr
1163 3561 1378 3629 gesolgt‚

352 3630 444 3683 hat
505 3630 616 3682 sich
680 3646 786 3683 von
847 3630 927 3683 ihr
954 3629 1136 3682 'leiten
1189 3629 1377 3683 lassen.

353 3699 704 3764 verecundia,
739 3693 1095 3765 αἰδημοσῦνη.
1130 3696 1223 3750 Die
1243 3696 1380 3750 Stoi-

352 3765 447 3817 ker
481 3764 649 3830 (Stob.
687 3783 736 3834 p.
777 3769 896 3832 106)
944 3765 1193 3826 definiren
1229 3761 1380 3852 αἰδη-

350 3829 561 3899 μοσύνη
599 3835 839 3902 einseitig
874 3835 952 3888 als
986 3829 1257 3902 ἐπιστήμη
1293 3852 1379 3887 ev·

353 3898 620 3981 λαβητικὴ
653 3897 833 4022 «35:905
869 3898 1059 3984 ψόγου.
1106 3902 1216 3957 Aur
1235 3902 1379 3957 diese

353 3968 497 4022 Seite
528 3968 617 4022 der
634 3968 702 4022 Sc
739 3971 1100 4039 amhaftigkeit
1130 3971 1255 4039 geht
1273 3971 1378 4026 Cic.

1487 2474 1652 2527 bietet
1670 2473 1758 2526 der
1777 2473 1904 2527 Sinn
1934 2474 2040 2527 und
2057 2475 2140 2526 die
2159 2474 2342 2527 besten
2362 2474 2509 2528 Hdss,

1488 2542 1590 2596 Cic.
1629 2542 1806 2594 wiirde
1843 2542 1976 2595 dann
2013 2543 2249 2594 zweimal
2274 2543 2511 2596 desselbe
2606 2542 2624 2553 ’

1487 2613 1670 2677 gesagt
1694 2610 1888 2663 baben:
1926 2611 1989 2661 id
2020 2610 2198 2661 dicere
2233 2614 2513 2664 obscenum

1485 2682 1579 2744 est,
1614 2682 1798 2745 itaque
1820 2683 1979 2731 vacat
2004 2694 2072 2729 ne
2095 2682 2273 2730 oratio
2297 2681 2511 2745 quidem

1485 2749 1827 2801 obscenitate.
2316 2782 2323 2788 ·

1561 2819 1635 2869 16.
1671 2819 1722 2866 si
1756 2818 1851 2881 qui
1882 2814 2110 2877 suerunt
2137 2815 2311 2867 Stoici
2341 2832 2512 2882 paene

1488 2884 1695 2950 Cynici.
1748 2883 1841 2935 Die
1877 2883 2100 2935 Rohheit
2133 2882 2225 2936 des
2260 2883 2510 2951 Gynikers

1483 2950 1739 3031 Diogenes
1791 2952 1860 3004 ist
1915 2951 2161 3005 bekannt.
2255 2950 2370 3003 Von
2421 2951 2512 3004 der

1485 3021 1763 3087 cymschen
1798 3020 1958 3072 Lehre
1993 3018 2289 3087 ausgebend
2303 3058 2317 3085 ‚
2366 3020 2510 3073 hatte

1485 3102 1624 3139 zwar
1661 3088 1822 3140 sebon
1847 3087 1986 3140 Zeno
2021 3087 2163 3140 diese
2180 3087 2509 3154 Verachtung

1483 3154 2508 3291 affigssgssgffidiaffliffigAffi‘gssdvfi'}

1485 3286 1735 3359 αἰδήμων
1788 3285 1862 3343 ὥς
1921 3289 2054 3366 πρὸς
2109 3290 2213 3359 τὴν
2266 3289 2511 3358 Κυνικὴν

1482 3353 1914 3426 ἀναισχυντίαν),
1950 3360 2083 3415 doch
2102 3360 2252 3413 stand
2271 3375 2326 3412 er
2344 3360 2508 3413 selbst

1481 3426 1588 3479 und
1624 3429 1766 3481 seine
1802 3427 2018 3482 Scbfiler
2070 3429 2185 3482 dem
2234 3428 2509 3496 Cynismus

1483 3496 1629 3548 mehr
1663 3497 1787 3550 oder
1822 3499 2051 3564 weniger
2084 3497 2232 3550 nahe.
2296 3512 2337 3548 ε.
2374 3496 2506 3550 Einl.

1482 3565 1515 3628 ξ
1538 3567 1628 3627 11;
1665 3563 1729 3617 de
1762 3564 1853 3620 fin.
1876 3565 1939 3617 111
1975 3569 2057 3632 20,
2077 3568 2142 3620 68
2180 3565 2509 3630 Cynicorum

1480 3635 1747 3684 rationem
1782 3639 1945 3700 atque
1977 3637 2145 3686 vitam
2167 3631 2269 3682 alii
2290 3632 2507 3699 (Stoici)

1482 3701 1674 3752 cadere
1707 3705 1768 3752 in
1800 3706 2095 3769 sapientem
2140 3702 2356 3767 dicunt,
2406 3702 2509 3753 alii

1479 3768 1631 3820 nullo
1654 3770 1829 3822 modo.
1884 3769 2052 3823 Daber
2074 3785 2183 3822 war
2206 3769 2349 3822 einer
2371 3770 2507 3822 ihrer

1481 3834 1659 3890 Sfitze:
1711 3834 1813 3890 τὸν
1846 3835 2022 3908 σοφὸν
2057 3833 2232 3910 εὖθὐρ
2298 3841 2504 3905 μονεῖν,

1478 3904 1544 3956 ad
1562 3904 1768 3961 fam.1X
1787 3909 1868 3973 22,
1883 3912 1913 3961 5
1939 3907 2046 3960 und
2068 3907 2215 3973 Dios.
2233 3855 2402 3960 fflert.
2419 3906 2507 3957 Vll

1484 3975 1574 4027 121
1615 3977 1820 4027 κυνιεῖν
1853 3992 1916 4027 τε
1961 3973 2063 4030 τὸν
2096 3967 2276 4045 σοφόν
2307 3976 2506 4045 (φασι).
