<?xml version="1.0" encoding="UTF-8"?>
<!DOCTYPE html PUBLIC "-//W3C//DTD XHTML 1.0 Transitional//EN"
    "http://www.w3.org/TR/xhtml1/DTD/xhtml1-transitional.dtd">
<html xmlns="http://www.w3.org/1999/xhtml" xml:lang="en" lang="en">
 <head>
  <title>
</title>
<meta http-equiv="Content-Type" content="text/html;charset=utf-8" />
  <meta name='ocr-system' content='tesseract 3.04.00' />
  <meta name='ocr-capabilities' content='ocr_page ocr_carea ocr_par ocr_line ocrx_word'/>
</head>
<body>
  <div class='ocr_page' id='page_1' title='image "./mtulliiciceroni01heingoog_0240.png"; bbox 0 0 2813 4537; ppageno 0'>
   <div class='ocr_carea' id='block_1_1' title="bbox 449 263 2067 350">
    <p class='ocr_par' dir='ltr' id='par_1_1' title="bbox 449 263 2067 350">
     <span class='ocr_line' id='line_1_1' title="bbox 449 263 2067 350; baseline 0.001 -25"><span class='ocrx_word' id='word_1_1' title='bbox 449 263 576 328; x_wconf 73' lang='grc'><strong>234</strong></span> <span class='ocrx_word' id='word_1_2' title='bbox 983 269 1068 322; x_wconf 83' lang='grc' dir='ltr'><strong>ΒΕ</strong></span> <span class='ocrx_word' id='word_1_3' title='bbox 1106 268 1364 350; x_wconf 61' lang='lat' dir='ltr'><strong>omnus</strong></span> <span class='ocrx_word' id='word_1_4' title='bbox 1401 270 1521 324; x_wconf 77' lang='grc' dir='ltr'><strong>ΠΒ.</strong></span> <span class='ocrx_word' id='word_1_5' title='bbox 1550 269 1626 324; x_wconf 86' lang='grc'><strong>111.</strong></span> <span class='ocrx_word' id='word_1_6' title='bbox 1683 270 1841 326; x_wconf 65' lang='lat' dir='ltr'><strong>GAP.</strong></span> <span class='ocrx_word' id='word_1_7' title='bbox 1863 274 1946 326; x_wconf 82' lang='lat'><strong>26.</strong></span> <span class='ocrx_word' id='word_1_8' title='bbox 1984 273 2067 326; x_wconf 82' lang='lat'><strong>27.</strong></span> 
     </span>
    </p>
   </div>
   <div class='ocr_carea' id='block_1_2' title="bbox 331 441 2795 2164">
    <p class='ocr_par' dir='ltr' id='par_1_2' title="bbox 341 441 2601 678">
     <span class='ocr_line' id='line_1_2' title="bbox 341 441 2601 520; baseline 0.001 -16"><span class='ocrx_word' id='word_1_9' title='bbox 341 450 402 504; x_wconf 86' lang='lat'><strong>99</strong></span> <span class='ocrx_word' id='word_1_10' title='bbox 443 441 534 506; x_wconf 89' lang='lat' dir='ltr'><strong>Illi</strong></span> <span class='ocrx_word' id='word_1_11' title='bbox 574 462 714 506; x_wconf 84' lang='lat' dir='ltr'><strong>vero</strong></span> <span class='ocrx_word' id='word_1_12' title='bbox 760 461 885 505; x_wconf 90' lang='lat' dir='ltr'><strong>non</strong></span> <span class='ocrx_word' id='word_1_13' title='bbox 927 445 1105 506; x_wconf 89' lang='lat' dir='ltr'><strong>modo</strong></span> <span class='ocrx_word' id='word_1_14' title='bbox 1151 462 1289 507; x_wconf 89' lang='lat' dir='ltr'><strong>cum</strong></span> <span class='ocrx_word' id='word_1_15' title='bbox 1330 444 1632 520; x_wconf 87' lang='lat' dir='ltr'><strong>hostibus,</strong></span> <span class='ocrx_word' id='word_1_16' title='bbox 1678 461 1884 506; x_wconf 85' lang='lat' dir='ltr'><strong>verum</strong></span> <span class='ocrx_word' id='word_1_17' title='bbox 1912 445 2089 506; x_wconf 88' lang='lat' dir='ltr'><strong>etiam</strong></span> <span class='ocrx_word' id='word_1_18' title='bbox 2130 463 2268 506; x_wconf 89' lang='lat' dir='ltr'><strong>cum</strong></span> <span class='ocrx_word' id='word_1_19' title='bbox 2293 444 2601 520; x_wconf 83' lang='lat' dir='ltr'><strong>fluctibus,</strong></span> 
     </span>
     <span class='ocr_line' id='line_1_3' title="bbox 446 528 2601 610; baseline 0.001 -19"><span class='ocrx_word' id='word_1_20' title='bbox 446 530 505 592; x_wconf 93' lang='lat' dir='ltr'><strong>id</strong></span> <span class='ocrx_word' id='word_1_21' title='bbox 536 531 695 610; x_wconf 86' lang='lat' dir='ltr'><strong>quod</strong></span> <span class='ocrx_word' id='word_1_22' title='bbox 725 530 883 605; x_wconf 85' lang='lat' dir='ltr'><strong>fecit,</strong></span> <span class='ocrx_word' id='word_1_23' title='bbox 916 530 1194 592; x_wconf 88' lang='lat' dir='ltr'><strong>dimicare</strong></span> <span class='ocrx_word' id='word_1_24' title='bbox 1223 528 1437 591; x_wconf 85' lang='lat' dir='ltr'><strong>melius</strong></span> <span class='ocrx_word' id='word_1_25' title='bbox 1465 530 1579 592; x_wconf 80' lang='lat' dir='ltr'><strong>fuit</strong></span> <span class='ocrx_word' id='word_1_26' title='bbox 1608 547 1786 609; x_wconf 87' lang='lat' dir='ltr'><strong>quam</strong></span> <span class='ocrx_word' id='word_1_27' title='bbox 1815 530 2086 592; x_wconf 85' lang='lat' dir='ltr'><strong>deserere</strong></span> <span class='ocrx_word' id='word_1_28' title='bbox 2116 530 2601 593; x_wconf 80' lang='lat' dir='ltr'><strong>consentientem</strong></span> 
     </span>
     <span class='ocr_line' id='line_1_4' title="bbox 445 614 1822 678; baseline 0 -1"><span class='ocrx_word' id='word_1_29' title='bbox 445 615 749 677; x_wconf 81' lang='lat' dir='ltr'><strong>Graeciam</strong></span> <span class='ocrx_word' id='word_1_30' title='bbox 780 616 853 677; x_wconf 87' lang='lat' dir='ltr'><strong>ad</strong></span> <span class='ocrx_word' id='word_1_31' title='bbox 881 614 1104 678; x_wconf 90' lang='lat' dir='ltr'><strong>bellum</strong></span> <span class='ocrx_word' id='word_1_32' title='bbox 1132 615 1399 678; x_wconf 86' lang='lat' dir='ltr'><strong>barbaris</strong></span> <span class='ocrx_word' id='word_1_33' title='bbox 1426 615 1822 677; x_wconf 79' lang='lat' dir='ltr'><strong>inferendum.</strong></span> 
     </span>
    </p>

    <p class='ocr_par' dir='ltr' id='par_1_3' title="bbox 440 699 2673 1038">
     <span class='ocr_line' id='line_1_5' title="bbox 615 699 2600 764; baseline 0.001 -2"><span class='ocrx_word' id='word_1_34' title='bbox 615 699 733 763; x_wconf 89' lang='lat' dir='ltr'><strong>Sed</strong></span> <span class='ocrx_word' id='word_1_35' title='bbox 775 701 1113 764; x_wconf 83' lang='lat' dir='ltr'><strong>omittamus</strong></span> <span class='ocrx_word' id='word_1_36' title='bbox 1155 708 1218 763; x_wconf 91' lang='lat' dir='ltr'><strong>et</strong></span> <span class='ocrx_word' id='word_1_37' title='bbox 1258 700 1487 763; x_wconf 84' lang='lat' dir='ltr'><strong>fabulas</strong></span> <span class='ocrx_word' id='word_1_38' title='bbox 1530 708 1590 762; x_wconf 87' lang='lat' dir='ltr'><strong>et</strong></span> <span class='ocrx_word' id='word_1_39' title='bbox 1630 708 1902 763; x_wconf 83' lang='lat' dir='ltr'><strong>externa:</strong></span> <span class='ocrx_word' id='word_1_40' title='bbox 1955 701 2028 762; x_wconf 86' lang='lat' dir='ltr'><strong>ad</strong></span> <span class='ocrx_word' id='word_1_41' title='bbox 2069 718 2196 763; x_wconf 88' lang='lat' dir='ltr'><strong>rem</strong></span> <span class='ocrx_word' id='word_1_42' title='bbox 2235 701 2450 763; x_wconf 75' lang='lat' dir='ltr'><strong>factam</strong></span> <span class='ocrx_word' id='word_1_43' title='bbox 2479 719 2600 764; x_wconf 89' lang='lat' dir='ltr'><strong>no-</strong></span> 
     </span>
     <span class='ocr_line' id='line_1_6' title="bbox 443 785 2673 866; baseline 0.002 -19"><span class='ocrx_word' id='word_1_44' title='bbox 443 794 744 865; x_wconf 86' lang='lat' dir='ltr'><strong>stramque</strong></span> <span class='ocrx_word' id='word_1_45' title='bbox 773 787 1098 850; x_wconf 85' lang='lat' dir='ltr'><strong>veniamus.</strong></span> <span class='ocrx_word' id='word_1_46' title='bbox 1171 787 1250 848; x_wconf 88' lang='grc' dir='ltr'><strong>Μ.</strong></span> <span class='ocrx_word' id='word_1_47' title='bbox 1281 785 1493 849; x_wconf 84' lang='lat' dir='ltr'><strong>Atilius</strong></span> <span class='ocrx_word' id='word_1_48' title='bbox 1522 786 1816 866; x_wconf 86' lang='lat' dir='ltr'><strong>Regulus,</strong></span> <span class='ocrx_word' id='word_1_49' title='bbox 1861 805 2000 848; x_wconf 88' lang='lat' dir='ltr'><strong>cum</strong></span> <span class='ocrx_word' id='word_1_50' title='bbox 2028 785 2242 848; x_wconf 90' lang='lat' dir='ltr'><strong>consul</strong></span> <span class='ocrx_word' id='word_1_51' title='bbox 2281 786 2499 848; x_wconf 90' lang='lat' dir='ltr'><strong>iterum</strong></span> <span class='ocrx_word' id='word_1_52' title='bbox 2527 786 2598 849; x_wconf 84' lang='lat' dir='ltr'><strong>in</strong></span> <span class='ocrx_word' id='word_1_53' title='bbox 2639 801 2673 852; x_wconf 84' lang='grc'><strong>5</strong></span> 
     </span>
     <span class='ocr_line' id='line_1_7' title="bbox 442 870 2596 953; baseline 0 -21"><span class='ocrx_word' id='word_1_54' title='bbox 442 872 639 933; x_wconf 83' lang='lat' dir='ltr'><strong>Africa</strong></span> <span class='ocrx_word' id='word_1_55' title='bbox 680 890 752 933; x_wconf 86' lang='lat' dir='ltr'><strong>cx</strong></span> <span class='ocrx_word' id='word_1_56' title='bbox 794 872 1023 935; x_wconf 82' lang='lat' dir='ltr'><strong>insidiis</strong></span> <span class='ocrx_word' id='word_1_57' title='bbox 1071 880 1278 952; x_wconf 90' lang='lat' dir='ltr'><strong>captus</strong></span> <span class='ocrx_word' id='word_1_58' title='bbox 1323 880 1481 934; x_wconf 88' lang='lat' dir='ltr'><strong>esset</strong></span> <span class='ocrx_word' id='word_1_59' title='bbox 1522 872 1672 934; x_wconf 90' lang='lat' dir='ltr'><strong>duce</strong></span> <span class='ocrx_word' id='word_1_60' title='bbox 1714 870 2057 953; x_wconf 88' lang='lat' dir='ltr'><strong>Xanthippo</strong></span> <span class='ocrx_word' id='word_1_61' title='bbox 2103 872 2596 947; x_wconf 85' lang='lat' dir='ltr'><strong>Lacedaemonio,</strong></span> 
     </span>
     <span class='ocr_line' id='line_1_8' title="bbox 440 957 2597 1038; baseline 0 -20"><span class='ocrx_word' id='word_1_62' title='bbox 440 957 798 1036; x_wconf 84' lang='lat' dir='ltr'><strong>imperatore</strong></span> <span class='ocrx_word' id='word_1_63' title='bbox 828 965 1027 1020; x_wconf 89' lang='lat' dir='ltr'><strong>autem</strong></span> <span class='ocrx_word' id='word_1_64' title='bbox 1055 965 1224 1038; x_wconf 86' lang='lat' dir='ltr'><strong>patre</strong></span> <span class='ocrx_word' id='word_1_65' title='bbox 1253 957 1604 1019; x_wconf 87' lang='lat' dir='ltr'><strong>Hannibalis</strong></span> <span class='ocrx_word' id='word_1_66' title='bbox 1622 957 1970 1034; x_wconf 81' lang='lat' dir='ltr'><strong>Hamilcare,</strong></span> <span class='ocrx_word' id='word_1_67' title='bbox 2001 957 2228 1019; x_wconf 87' lang='lat' dir='ltr'><strong>iuratus</strong></span> <span class='ocrx_word' id='word_1_68' title='bbox 2255 957 2474 1020; x_wconf 84' lang='lat' dir='ltr'><strong>missus</strong></span> <span class='ocrx_word' id='word_1_69' title='bbox 2501 964 2597 1019; x_wconf 65' lang='lat' dir='ltr'><strong>aet</strong></span> 
     </span>
    </p>

    <p class='ocr_par' dir='ltr' id='par_1_4' title="bbox 359 1042 2794 1721">
     <span class='ocr_line' id='line_1_9' title="bbox 359 1042 2592 1122; baseline -0.001 -15"><span class='ocrx_word' id='word_1_70' title='bbox 359 1100 365 1107; x_wconf 91' lang='lat'><strong>.</strong></span> <span class='ocrx_word' id='word_1_71' title='bbox 440 1042 513 1103; x_wconf 88' lang='lat' dir='ltr'><strong>ad</strong></span> <span class='ocrx_word' id='word_1_72' title='bbox 543 1051 834 1119; x_wconf 90' lang='lat' dir='ltr'><strong>senatum,</strong></span> <span class='ocrx_word' id='word_1_73' title='bbox 864 1053 951 1118; x_wconf 90' lang='lat' dir='ltr'><strong>ut,</strong></span> <span class='ocrx_word' id='word_1_74' title='bbox 982 1043 1098 1105; x_wconf 93' lang='lat' dir='ltr'><strong>nisi</strong></span> <span class='ocrx_word' id='word_1_75' title='bbox 1124 1043 1338 1105; x_wconf 87' lang='lat' dir='ltr'><strong>redditi</strong></span> <span class='ocrx_word' id='word_1_76' title='bbox 1366 1050 1568 1106; x_wconf 84' lang='lat' dir='ltr'><strong>essent</strong></span> <span class='ocrx_word' id='word_1_77' title='bbox 1588 1043 1807 1105; x_wconf 87' lang='lat' dir='ltr'><strong>Poenis</strong></span> <span class='ocrx_word' id='word_1_78' title='bbox 1835 1043 2048 1122; x_wconf 84' lang='lat' dir='ltr'><strong>captivi</strong></span> <span class='ocrx_word' id='word_1_79' title='bbox 2078 1042 2311 1106; x_wconf 91' lang='lat' dir='ltr'><strong>nobiles</strong></span> <span class='ocrx_word' id='word_1_80' title='bbox 2334 1043 2592 1122; x_wconf 88' lang='lat' dir='ltr'><strong>quidam,</strong></span> 
     </span>
     <span class='ocr_line' id='line_1_10' title="bbox 438 1127 2794 1209; baseline 0 -21"><span class='ocrx_word' id='word_1_81' title='bbox 438 1127 660 1189; x_wconf 90' lang='lat' dir='ltr'><strong>rediret</strong></span> <span class='ocrx_word' id='word_1_82' title='bbox 709 1129 837 1208; x_wconf 93' lang='lat' dir='ltr'><strong>ipse</strong></span> <span class='ocrx_word' id='word_1_83' title='bbox 889 1128 1328 1209; x_wconf 84' lang='lat' dir='ltr'><strong>Karthaginem.</strong></span> <span class='ocrx_word' id='word_1_84' title='bbox 1417 1128 1474 1190; x_wconf 92' lang='lat' dir='ltr'><strong>Is</strong></span> <span class='ocrx_word' id='word_1_85' title='bbox 1526 1147 1662 1190; x_wconf 91' lang='lat' dir='ltr'><strong>cum</strong></span> <span class='ocrx_word' id='word_1_86' title='bbox 1692 1128 1942 1190; x_wconf 90' lang='lat' dir='ltr'><strong>Romam</strong></span> <span class='ocrx_word' id='word_1_87' title='bbox 1981 1128 2269 1204; x_wconf 86' lang='lat' dir='ltr'><strong>venisset,</strong></span> <span class='ocrx_word' id='word_1_88' title='bbox 2319 1128 2593 1191; x_wconf 81' lang='lat' dir='ltr'><strong>utilitatis</strong></span> <span class='ocrx_word' id='word_1_89' title='bbox 2793 1189 2794 1208; x_wconf 13' lang='grc' dir='ltr'>ἦ</span> 
     </span>
     <span class='ocr_line' id='line_1_11' title="bbox 438 1209 2794 1293; baseline 0.003 -18"><span class='ocrx_word' id='word_1_90' title='bbox 438 1212 700 1292; x_wconf 88' lang='lat' dir='ltr'><strong>speciem</strong></span> <span class='ocrx_word' id='word_1_91' title='bbox 728 1214 981 1290; x_wconf 87' lang='lat' dir='ltr'><strong>videbat,</strong></span> <span class='ocrx_word' id='word_1_92' title='bbox 1011 1215 1115 1277; x_wconf 92' lang='lat' dir='ltr'><strong>sed</strong></span> <span class='ocrx_word' id='word_1_93' title='bbox 1144 1233 1292 1290; x_wconf 87' lang='lat' dir='ltr'><strong>eam,</strong></span> <span class='ocrx_word' id='word_1_94' title='bbox 1323 1222 1391 1278; x_wconf 88' lang='lat' dir='ltr'><strong>ut</strong></span> <span class='ocrx_word' id='word_1_95' title='bbox 1418 1209 1516 1277; x_wconf 81' lang='lat' dir='ltr'><strong>res</strong></span> <span class='ocrx_word' id='word_1_96' title='bbox 1546 1214 1820 1290; x_wconf 88' lang='lat' dir='ltr'><strong>declarat,</strong></span> <span class='ocrx_word' id='word_1_97' title='bbox 1850 1214 2054 1276; x_wconf 88' lang='lat' dir='ltr'><strong>falsam</strong></span> <span class='ocrx_word' id='word_1_98' title='bbox 2085 1214 2392 1276; x_wconf 86' lang='lat' dir='ltr'><strong>iudicavit:</strong></span> <span class='ocrx_word' id='word_1_99' title='bbox 2437 1231 2591 1293; x_wconf 89' lang='lat' dir='ltr'><strong>quae</strong></span> <span class='ocrx_word' id='word_1_100' title='bbox 2637 1225 2698 1279; x_wconf 90' lang='grc'><strong>10</strong></span> <span class='ocrx_word' id='word_1_101' title='bbox 2793 1229 2794 1280; x_wconf 59' lang='grc' dir='ltr'>ζ</span> 
     </span>
     <span class='ocr_line' id='line_1_12' title="bbox 438 1298 2794 1380; baseline 0.001 -22"><span class='ocrx_word' id='word_1_102' title='bbox 438 1305 564 1359; x_wconf 91' lang='lat' dir='ltr'><strong>erat</strong></span> <span class='ocrx_word' id='word_1_103' title='bbox 591 1298 751 1361; x_wconf 83' lang='lat' dir='ltr'><strong>talis:</strong></span> <span class='ocrx_word' id='word_1_104' title='bbox 807 1318 1049 1361; x_wconf 90' lang='lat' dir='ltr'><strong>manere</strong></span> <span class='ocrx_word' id='word_1_105' title='bbox 1077 1300 1140 1362; x_wconf 90' lang='lat' dir='ltr'><strong>in</strong></span> <span class='ocrx_word' id='word_1_106' title='bbox 1171 1299 1389 1380; x_wconf 88' lang='lat' dir='ltr'><strong>patria,</strong></span> <span class='ocrx_word' id='word_1_107' title='bbox 1441 1317 1571 1362; x_wconf 90' lang='lat' dir='ltr'><strong>esse</strong></span> <span class='ocrx_word' id='word_1_108' title='bbox 1601 1300 1804 1363; x_wconf 89' lang='lat' dir='ltr'><strong>domui</strong></span> <span class='ocrx_word' id='word_1_109' title='bbox 1832 1319 1974 1361; x_wconf 86' lang='lat' dir='ltr'><strong>suae</strong></span> <span class='ocrx_word' id='word_1_110' title='bbox 2017 1317 2155 1361; x_wconf 90' lang='lat' dir='ltr'><strong>cum</strong></span> <span class='ocrx_word' id='word_1_111' title='bbox 2180 1317 2399 1375; x_wconf 86' lang='lat' dir='ltr'><strong>uxore,</strong></span> <span class='ocrx_word' id='word_1_112' title='bbox 2451 1317 2593 1360; x_wconf 92' lang='lat' dir='ltr'><strong>cum</strong></span> <span class='ocrx_word' id='word_1_113' title='bbox 2793 1301 2794 1368; x_wconf 58' lang='grc' dir='ltr'>ξ</span> 
     </span>
     <span class='ocr_line' id='line_1_13' title="bbox 436 1377 2794 1466; baseline 0.001 -22"><span class='ocrx_word' id='word_1_114' title='bbox 436 1382 655 1459; x_wconf 81' lang='lat' dir='ltr'><strong>liberiS‚</strong></span> <span class='ocrx_word' id='word_1_115' title='bbox 698 1403 874 1463; x_wconf 89' lang='lat' dir='ltr'><strong>quam</strong></span> <span class='ocrx_word' id='word_1_116' title='bbox 898 1385 1294 1448; x_wconf 82' lang='lat' dir='ltr'><strong>&#39;calamitatem</strong></span> <span class='ocrx_word' id='word_1_117' title='bbox 1321 1384 1648 1466; x_wconf 87' lang='lat' dir='ltr'><strong>accepisset</strong></span> <span class='ocrx_word' id='word_1_118' title='bbox 1674 1385 1738 1447; x_wconf 91' lang='lat' dir='ltr'><strong>in</strong></span> <span class='ocrx_word' id='word_1_119' title='bbox 1767 1384 1944 1461; x_wconf 90' lang='lat' dir='ltr'><strong>bello,</strong></span> <span class='ocrx_word' id='word_1_120' title='bbox 1987 1403 2365 1447; x_wconf 89' lang='lat' dir='ltr'><strong>communem</strong></span> <span class='ocrx_word' id='word_1_121' title='bbox 2395 1385 2592 1446; x_wconf 86' lang='lat' dir='ltr'><strong>fortu-</strong></span> <span class='ocrx_word' id='word_1_122' title='bbox 2793 1377 2794 1462; x_wconf 62' lang='lat'>}</span> 
     </span>
     <span class='ocr_line' id='line_1_14' title="bbox 437 1468 2794 1551; baseline 0.001 -22"><span class='ocrx_word' id='word_1_123' title='bbox 437 1487 549 1530; x_wconf 88' lang='lat' dir='ltr'><strong>nae</strong></span> <span class='ocrx_word' id='word_1_124' title='bbox 597 1468 841 1531; x_wconf 88' lang='lat' dir='ltr'><strong>bellicae</strong></span> <span class='ocrx_word' id='word_1_125' title='bbox 895 1470 1256 1534; x_wconf 88' lang='lat' dir='ltr'><strong>iudicantem</strong></span> <span class='ocrx_word' id='word_1_126' title='bbox 1307 1479 1516 1534; x_wconf 89' lang='lat' dir='ltr'><strong>tenere</strong></span> <span class='ocrx_word' id='word_1_127' title='bbox 1583 1470 1912 1533; x_wconf 86' lang='lat' dir='ltr'><strong>consularis</strong></span> <span class='ocrx_word' id='word_1_128' title='bbox 1963 1470 2265 1551; x_wconf 84' lang='lat' dir='ltr'><strong>dignitatis</strong></span> <span class='ocrx_word' id='word_1_129' title='bbox 2322 1471 2588 1551; x_wconf 84' lang='lat' dir='ltr'><strong>gradum.</strong></span> <span class='ocrx_word' id='word_1_130' title='bbox 2793 1471 2794 1488; x_wconf 65' lang='lat'>¹</span> 
     </span>
     <span class='ocr_line' id='line_1_15' title="bbox 436 1553 2591 1638; baseline 0.001 -24"><span class='ocrx_word' id='word_1_131' title='bbox 436 1553 585 1625; x_wconf 86' lang='lat' dir='ltr'><strong>Quis</strong></span> <span class='ocrx_word' id='word_1_132' title='bbox 614 1555 759 1616; x_wconf 90' lang='lat' dir='ltr'><strong>haec</strong></span> <span class='ocrx_word' id='word_1_133' title='bbox 789 1563 966 1635; x_wconf 88' lang='lat' dir='ltr'><strong>negat</strong></span> <span class='ocrx_word' id='word_1_134' title='bbox 994 1576 1125 1620; x_wconf 88' lang='lat' dir='ltr'><strong>esse</strong></span> <span class='ocrx_word' id='word_1_135' title='bbox 1155 1553 1364 1618; x_wconf 81' lang='lat' dir='ltr'><strong>utilia?</strong></span> <span class='ocrx_word' id='word_1_136' title='bbox 1418 1554 1609 1628; x_wconf 89' lang='lat' dir='ltr'><strong>Quem</strong></span> <span class='ocrx_word' id='word_1_137' title='bbox 1640 1554 1892 1619; x_wconf 77' lang='lat' dir='ltr'><strong>censes?</strong></span> <span class='ocrx_word' id='word_1_138' title='bbox 1943 1556 2290 1638; x_wconf 84' lang='lat' dir='ltr'><strong>Magnitudo</strong></span> <span class='ocrx_word' id='word_1_139' title='bbox 2316 1555 2499 1617; x_wconf 91' lang='lat' dir='ltr'><strong>animi</strong></span> <span class='ocrx_word' id='word_1_140' title='bbox 2529 1562 2591 1617; x_wconf 90' lang='lat' dir='ltr'><strong>et</strong></span> 
     </span>
     <span class='ocr_line' id='line_1_16' title="bbox 433 1639 2695 1721; baseline 0.002 -22"><span class='ocrx_word' id='word_1_141' title='bbox 433 1639 718 1700; x_wconf 84' lang='lat' dir='ltr'><strong>fortitudo</strong></span> <span class='ocrx_word' id='word_1_142' title='bbox 754 1648 949 1721; x_wconf 86' lang='lat' dir='ltr'><strong>negat.</strong></span> <span class='ocrx_word' id='word_1_143' title='bbox 2636 1650 2695 1703; x_wconf 83' lang='grc'><strong>15</strong></span> 
     </span>
    </p>

    <p class='ocr_par' dir='ltr' id='par_1_5' title="bbox 331 1721 2588 1807">
     <span class='ocr_line' id='line_1_17' title="bbox 331 1721 2588 1807; baseline -0 -20"><span class='ocrx_word' id='word_1_144' title='bbox 331 1721 404 1779; x_wconf 79' lang='grc'><strong>27</strong></span> <span class='ocrx_word' id='word_1_145' title='bbox 607 1725 764 1787; x_wconf 90' lang='lat' dir='ltr'><strong>Num</strong></span> <span class='ocrx_word' id='word_1_146' title='bbox 805 1726 1223 1807; x_wconf 89' lang='lat' dir='ltr'><strong>locupletiores</strong></span> <span class='ocrx_word' id='word_1_147' title='bbox 1265 1727 1501 1807; x_wconf 85' lang='lat' dir='ltr'><strong>quaeris</strong></span> <span class='ocrx_word' id='word_1_148' title='bbox 1529 1737 1804 1789; x_wconf 87' lang='lat' dir='ltr'><strong>auctores</strong></span> <span class='ocrx_word' id='word_1_149' title='bbox 1818 1724 1849 1787; x_wconf 70' lang='grc' dir='ltr'><strong><em>Ἰ</em></strong></span> <span class='ocrx_word' id='word_1_150' title='bbox 1908 1726 2133 1788; x_wconf 84' lang='lat' dir='ltr'><strong>Harum</strong></span> <span class='ocrx_word' id='word_1_151' title='bbox 2163 1726 2322 1788; x_wconf 89' lang='lat' dir='ltr'><strong>enim</strong></span> <span class='ocrx_word' id='word_1_152' title='bbox 2353 1733 2442 1787; x_wconf 91' lang='lat' dir='ltr'><strong>est</strong></span> <span class='ocrx_word' id='word_1_153' title='bbox 2472 1725 2588 1786; x_wconf 88' lang='lat' dir='ltr'><strong>vir-</strong></span> 
     </span>
    </p>

    <p class='ocr_par' dir='ltr' id='par_1_6' title="bbox 331 1805 2795 2164">
     <span class='ocr_line' id='line_1_18' title="bbox 331 1805 2587 1896; baseline 0.001 -26"><span class='ocrx_word' id='word_1_154' title='bbox 331 1805 418 1857; x_wconf 88' lang='lat'><strong>100</strong></span> <span class='ocrx_word' id='word_1_155' title='bbox 432 1816 628 1872; x_wconf 89' lang='lat' dir='ltr'><strong>tutum</strong></span> <span class='ocrx_word' id='word_1_156' title='bbox 677 1812 990 1896; x_wconf 78' lang='lat' dir='ltr'><strong>proprium</strong></span> <span class='ocrx_word' id='word_1_157' title='bbox 1041 1811 1193 1874; x_wconf 88' lang='lat' dir='ltr'><strong>nihil</strong></span> <span class='ocrx_word' id='word_1_158' title='bbox 1243 1813 1628 1875; x_wconf 82' lang='lat' dir='ltr'><strong>extimescere</strong></span> <span class='ocrx_word' id='word_1_159' title='bbox 1643 1859 1659 1889; x_wconf 89' lang='lat'>‚</span> <span class='ocrx_word' id='word_1_160' title='bbox 1720 1812 1921 1874; x_wconf 91' lang='lat' dir='ltr'><strong>omnia</strong></span> <span class='ocrx_word' id='word_1_161' title='bbox 1961 1811 2220 1874; x_wconf 87' lang='lat' dir='ltr'><strong>humana</strong></span> <span class='ocrx_word' id='word_1_162' title='bbox 2262 1812 2587 1892; x_wconf 85' lang='lat' dir='ltr'><strong>despicere,</strong></span> 
     </span>
     <span class='ocr_line' id='line_1_19' title="bbox 433 1895 2587 1978; baseline 0.001 -22"><span class='ocrx_word' id='word_1_163' title='bbox 433 1895 584 1956; x_wconf 88' lang='lat' dir='ltr'><strong>nihil</strong></span> <span class='ocrx_word' id='word_1_164' title='bbox 626 1897 788 1975; x_wconf 87' lang='lat' dir='ltr'><strong>quod</strong></span> <span class='ocrx_word' id='word_1_165' title='bbox 826 1897 1053 1959; x_wconf 88' lang='lat' dir='ltr'><strong>homini</strong></span> <span class='ocrx_word' id='word_1_166' title='bbox 1096 1897 1364 1959; x_wconf 90' lang='lat' dir='ltr'><strong>accidere</strong></span> <span class='ocrx_word' id='word_1_167' title='bbox 1392 1898 1586 1978; x_wconf 92' lang='lat' dir='ltr'><strong>possit</strong></span> <span class='ocrx_word' id='word_1_168' title='bbox 1622 1898 2062 1960; x_wconf 89' lang='lat' dir='ltr'><strong>intolerandum</strong></span> <span class='ocrx_word' id='word_1_169' title='bbox 2089 1906 2320 1978; x_wconf 83' lang='lat' dir='ltr'><strong>putare.</strong></span> <span class='ocrx_word' id='word_1_170' title='bbox 2380 1896 2587 1975; x_wconf 86' lang='lat' dir='ltr'><strong>Itaque</strong></span> 
     </span>
     <span class='ocr_line' id='line_1_20' title="bbox 434 1979 2587 2063; baseline 0 -21"><span class='ocrx_word' id='word_1_171' title='bbox 434 1980 575 2059; x_wconf 91' lang='lat' dir='ltr'><strong>quid</strong></span> <span class='ocrx_word' id='word_1_172' title='bbox 605 1979 789 2044; x_wconf 78' lang='lat' dir='ltr'><strong>fecit?</strong></span> <span class='ocrx_word' id='word_1_173' title='bbox 848 1982 917 2044; x_wconf 93' lang='lat' dir='ltr'><strong>In</strong></span> <span class='ocrx_word' id='word_1_174' title='bbox 950 1991 1223 2045; x_wconf 90' lang='lat' dir='ltr'><strong>senatum</strong></span> <span class='ocrx_word' id='word_1_175' title='bbox 1251 1983 1443 2059; x_wconf 87' lang='lat' dir='ltr'><strong>venit,</strong></span> <span class='ocrx_word' id='word_1_176' title='bbox 1475 1984 1749 2046; x_wconf 90' lang='lat' dir='ltr'><strong>mandata</strong></span> <span class='ocrx_word' id='word_1_177' title='bbox 1779 1983 2081 2063; x_wconf 89' lang='lat' dir='ltr'><strong>exposuit,</strong></span> <span class='ocrx_word' id='word_1_178' title='bbox 2119 1982 2477 2046; x_wconf 89' lang='lat' dir='ltr'><strong>sententiam</strong></span> <span class='ocrx_word' id='word_1_179' title='bbox 2507 2000 2587 2043; x_wconf 91' lang='lat' dir='ltr'><strong>ne</strong></span> 
     </span>
     <span class='ocr_line' id='line_1_21' title="bbox 430 2066 2795 2164; baseline 0 -37"><span class='ocrx_word' id='word_1_180' title='bbox 430 2066 654 2128; x_wconf 89' lang='lat' dir='ltr'><strong>diceret</strong></span> <span class='ocrx_word' id='word_1_181' title='bbox 680 2069 1000 2130; x_wconf 84' lang='lat' dir='ltr'><strong>recusavit:</strong></span> <span class='ocrx_word' id='word_1_182' title='bbox 1033 2088 1212 2149; x_wconf 89' lang='lat' dir='ltr'><strong>quam</strong></span> <span class='ocrx_word' id='word_1_183' title='bbox 1243 2068 1343 2132; x_wconf 90' lang='lat' dir='ltr'><strong>diu</strong></span> <span class='ocrx_word' id='word_1_184' title='bbox 1373 2068 1503 2130; x_wconf 91' lang='lat' dir='ltr'><strong>iure</strong></span> <span class='ocrx_word' id='word_1_185' title='bbox 1533 2069 1784 2132; x_wconf 91' lang='lat' dir='ltr'><strong>iurando</strong></span> <span class='ocrx_word' id='word_1_186' title='bbox 1815 2068 2076 2130; x_wconf 88' lang='lat' dir='ltr'><strong>hostium</strong></span> <span class='ocrx_word' id='word_1_187' title='bbox 2103 2074 2430 2144; x_wconf 87' lang='lat' dir='ltr'><strong>teneretur,</strong></span> <span class='ocrx_word' id='word_1_188' title='bbox 2461 2085 2588 2129; x_wconf 90' lang='lat' dir='ltr'><strong>non</strong></span> <span class='ocrx_word' id='word_1_189' title='bbox 2632 2076 2690 2128; x_wconf 82' lang='grc'><strong>20</strong></span> <span class='ocrx_word' id='word_1_190' title='bbox 2785 2150 2795 2164; x_wconf 56' lang='lat'><strong>,</strong></span> 
     </span>
    </p>
   </div>
   <div class='ocr_carea' id='block_1_3' title="bbox 431 2151 2584 2233">
    <p class='ocr_par' dir='ltr' id='par_1_7' title="bbox 431 2151 2584 2233">
     <span class='ocr_line' id='line_1_22' title="bbox 431 2151 2584 2233; baseline 0.001 -23"><span class='ocrx_word' id='word_1_191' title='bbox 431 2168 560 2214; x_wconf 92' lang='lat' dir='ltr'><strong>esse</strong></span> <span class='ocrx_word' id='word_1_192' title='bbox 601 2171 665 2216; x_wconf 89' lang='lat' dir='ltr'><strong>se</strong></span> <span class='ocrx_word' id='word_1_193' title='bbox 707 2160 1062 2215; x_wconf 86' lang='lat' dir='ltr'><strong>senatorem.</strong></span> <span class='ocrx_word' id='word_1_194' title='bbox 1136 2155 1329 2233; x_wconf 85' lang='lat' dir='ltr'><strong>Atque</strong></span> <span class='ocrx_word' id='word_1_195' title='bbox 1371 2154 1516 2217; x_wconf 91' lang='lat' dir='ltr'><strong>illud</strong></span> <span class='ocrx_word' id='word_1_196' title='bbox 1547 2154 1726 2216; x_wconf 89' lang='lat' dir='ltr'><strong>etiam</strong></span> <span class='ocrx_word' id='word_1_197' title='bbox 1765 2189 1849 2200; x_wconf 86' lang='lat'><strong>—-</strong></span> <span class='ocrx_word' id='word_1_198' title='bbox 1895 2157 1949 2215; x_wconf 87' lang='lat' dir='ltr'><strong>‘o</strong></span> <span class='ocrx_word' id='word_1_199' title='bbox 1981 2153 2229 2216; x_wconf 87' lang='lat' dir='ltr'><strong>stultum</strong></span> <span class='ocrx_word' id='word_1_200' title='bbox 2256 2151 2584 2215; x_wconf 89' lang='lat' dir='ltr'><strong>hominem’</strong></span> 
     </span>
    </p>
   </div>
   <div class='ocr_carea' id='block_1_4' title="bbox 427 2266 1457 2733">
    <p class='ocr_par' dir='ltr' id='par_1_8' title="bbox 427 2266 1457 2679">
     <span class='ocr_line' id='line_1_23' title="bbox 499 2266 1451 2337; baseline 0.003 -17"><span class='ocrx_word' id='word_1_201' title='bbox 499 2270 546 2321; x_wconf 88' lang='lat'><strong>5.</strong></span> <span class='ocrx_word' id='word_1_202' title='bbox 566 2266 637 2320; x_wconf 84' lang='lat' dir='ltr'><strong>M.</strong></span> <span class='ocrx_word' id='word_1_203' title='bbox 652 2268 853 2321; x_wconf 72' lang='lat' dir='ltr'><strong>Atilius</strong></span> <span class='ocrx_word' id='word_1_204' title='bbox 867 2268 1105 2336; x_wconf 72' lang='lat' dir='ltr'><strong>Regulus</strong></span> <span class='ocrx_word' id='word_1_205' title='bbox 1116 2290 1134 2321; x_wconf 92' lang='lat'><strong>.·</strong></span> <span class='ocrx_word' id='word_1_206' title='bbox 1159 2271 1345 2337; x_wconf 69' lang='lat' dir='ltr'><strong>vg1.1§</strong></span> <span class='ocrx_word' id='word_1_207' title='bbox 1360 2273 1451 2333; x_wconf 82' lang='grc'><strong>39;</strong></span> 
     </span>
     <span class='ocr_line' id='line_1_24' title="bbox 429 2334 1456 2406; baseline 0.006 -20"><span class='ocrx_word' id='word_1_208' title='bbox 429 2334 513 2387; x_wconf 87' lang='lat' dir='ltr'><strong>die</strong></span> <span class='ocrx_word' id='word_1_209' title='bbox 526 2335 976 2403; x_wconf 71' lang='lat' dir='ltr'><strong>Gesangennabme</strong></span> <span class='ocrx_word' id='word_1_210' title='bbox 996 2339 1089 2391; x_wconf 87' lang='lat' dir='ltr'><strong>des</strong></span> <span class='ocrx_word' id='word_1_211' title='bbox 1098 2338 1327 2406; x_wconf 84' lang='lat' dir='ltr'><strong>Regulus</strong></span> <span class='ocrx_word' id='word_1_212' title='bbox 1339 2338 1456 2392; x_wconf 68' lang='lat' dir='ltr'><strong>sant</strong></span> 
     </span>
     <span class='ocr_line' id='line_1_25' title="bbox 427 2404 1457 2475; baseline 0.005 -20"><span class='ocrx_word' id='word_1_213' title='bbox 427 2404 671 2471; x_wconf 76' lang='lat' dir='ltr'><strong>fibrigens</strong></span> <span class='ocrx_word' id='word_1_214' title='bbox 704 2406 759 2458; x_wconf 86' lang='lat' dir='ltr'><strong>in</strong></span> <span class='ocrx_word' id='word_1_215' title='bbox 794 2407 886 2459; x_wconf 86' lang='lat' dir='ltr'><strong>das</strong></span> <span class='ocrx_word' id='word_1_216' title='bbox 907 2406 954 2459; x_wconf 88' lang='lat' dir='ltr'><strong>J.</strong></span> <span class='ocrx_word' id='word_1_217' title='bbox 974 2409 1075 2461; x_wconf 79' lang='lat'><strong>499</strong></span> <span class='ocrx_word' id='word_1_218' title='bbox 1096 2410 1254 2475; x_wconf 83' lang='lat'><strong>(255),</strong></span> <span class='ocrx_word' id='word_1_219' title='bbox 1290 2423 1375 2460; x_wconf 81' lang='lat' dir='ltr'><strong>wo</strong></span> <span class='ocrx_word' id='word_1_220' title='bbox 1401 2423 1457 2461; x_wconf 89' lang='lat' dir='ltr'><strong>er</strong></span> 
     </span>
     <span class='ocr_line' id='line_1_26' title="bbox 428 2471 1455 2544; baseline 0.005 -21"><span class='ocrx_word' id='word_1_221' title='bbox 428 2471 571 2525; x_wconf 91' lang='lat' dir='ltr'><strong>nicht</strong></span> <span class='ocrx_word' id='word_1_222' title='bbox 583 2473 661 2525; x_wconf 87' lang='lat' dir='ltr'><strong>als</strong></span> <span class='ocrx_word' id='word_1_223' title='bbox 673 2473 879 2539; x_wconf 90' lang='lat' dir='ltr'><strong>Consul,</strong></span> <span class='ocrx_word' id='word_1_224' title='bbox 896 2476 1114 2529; x_wconf 88' lang='lat' dir='ltr'><strong>sondern</strong></span> <span class='ocrx_word' id='word_1_225' title='bbox 1134 2493 1227 2544; x_wconf 89' lang='lat' dir='ltr'><strong>pro</strong></span> <span class='ocrx_word' id='word_1_226' title='bbox 1241 2476 1455 2530; x_wconf 89' lang='lat' dir='ltr'><strong>consule</strong></span> 
     </span>
     <span class='ocr_line' id='line_1_27' title="bbox 428 2539 1455 2597; baseline 0.006 -6"><span class='ocrx_word' id='word_1_227' title='bbox 428 2539 481 2592; x_wconf 91' lang='lat' dir='ltr'><strong>in</strong></span> <span class='ocrx_word' id='word_1_228' title='bbox 496 2539 669 2594; x_wconf 84' lang='lat' dir='ltr'><strong>Africa</strong></span> <span class='ocrx_word' id='word_1_229' title='bbox 688 2557 811 2597; x_wconf 82' lang='lat' dir='ltr'><strong>war.</strong></span> <span class='ocrx_word' id='word_1_230' title='bbox 840 2541 962 2596; x_wconf 88' lang='lat' dir='ltr'><strong>Sein</strong></span> <span class='ocrx_word' id='word_1_231' title='bbox 980 2545 1193 2597; x_wconf 86' lang='lat' dir='ltr'><strong>zweites</strong></span> <span class='ocrx_word' id='word_1_232' title='bbox 1209 2544 1455 2597; x_wconf 84' lang='lat' dir='ltr'><strong>Consulat</strong></span> 
     </span>
     <span class='ocr_line' id='line_1_28' title="bbox 428 2607 1387 2679; baseline 0.004 -19"><span class='ocrx_word' id='word_1_233' title='bbox 428 2607 544 2661; x_wconf 65' lang='lat' dir='ltr'><strong>faut</strong></span> <span class='ocrx_word' id='word_1_234' title='bbox 578 2609 631 2661; x_wconf 90' lang='lat' dir='ltr'><strong>in</strong></span> <span class='ocrx_word' id='word_1_235' title='bbox 666 2611 758 2663; x_wconf 86' lang='lat' dir='ltr'><strong>das</strong></span> <span class='ocrx_word' id='word_1_236' title='bbox 793 2612 1213 2679; x_wconf 78' lang='lat' dir='ltr'><strong>vorhergehende</strong></span> <span class='ocrx_word' id='word_1_237' title='bbox 1246 2612 1387 2665; x_wconf 87' lang='lat' dir='ltr'><strong>Jahr.</strong></span> 
     </span>
    </p>

    <p class='ocr_par' dir='ltr' id='par_1_9' title="bbox 496 2679 1457 2733">
     <span class='ocr_line' id='line_1_29' title="bbox 496 2679 1457 2733; baseline 0 -2"><span class='ocrx_word' id='word_1_238' title='bbox 496 2679 544 2731; x_wconf 86' lang='grc'><strong>6.</strong></span> <span class='ocrx_word' id='word_1_239' title='bbox 592 2694 664 2729; x_wconf 74' lang='grc' dir='ltr'><strong>σω</strong></span> <span class='ocrx_word' id='word_1_240' title='bbox 705 2680 935 2733; x_wconf 65' lang='lat' dir='ltr'><strong>insidiis.</strong></span> <span class='ocrx_word' id='word_1_241' title='bbox 984 2681 1113 2733; x_wconf 85' lang='lat' dir='ltr'><strong>Dass</strong></span> <span class='ocrx_word' id='word_1_242' title='bbox 1148 2681 1231 2733; x_wconf 88' lang='lat' dir='ltr'><strong>die</strong></span> <span class='ocrx_word' id='word_1_243' title='bbox 1265 2680 1457 2733; x_wconf 87' lang='lat' dir='ltr'><strong>Punier</strong></span> 
     </span>
    </p>
   </div>
   <div class='ocr_carea' id='block_1_5' title="bbox 427 2744 1504 2816">
    <p class='ocr_par' dir='ltr' id='par_1_10' title="bbox 427 2744 1504 2816">
     <span class='ocr_line' id='line_1_30' title="bbox 427 2744 1504 2816; baseline 0.005 -21"><span class='ocrx_word' id='word_1_244' title='bbox 427 2744 482 2796; x_wconf 89' lang='lat' dir='ltr'><strong>in</strong></span> <span class='ocrx_word' id='word_1_245' title='bbox 516 2745 687 2813; x_wconf 58' lang='lat' dir='ltr'><strong>Folge„</strong></span> <span class='ocrx_word' id='word_1_246' title='bbox 720 2747 861 2800; x_wconf 88' lang='lat' dir='ltr'><strong>eines</strong></span> <span class='ocrx_word' id='word_1_247' title='bbox 895 2747 1210 2802; x_wconf 84' lang='lat' dir='ltr'><strong>Hinterhalts</strong></span> <span class='ocrx_word' id='word_1_248' title='bbox 1252 2748 1454 2816; x_wconf 82' lang='lat' dir='ltr'><strong>gesiegt</strong></span> <span class='ocrx_word' id='word_1_249' title='bbox 1497 2769 1504 2775; x_wconf 91' lang='lat'><strong>·</strong></span> 
     </span>
    </p>
   </div>
   <div class='ocr_carea' id='block_1_6' title="bbox 423 2813 1456 3968">
    <p class='ocr_par' dir='ltr' id='par_1_11' title="bbox 424 2813 1456 3772">
     <span class='ocr_line' id='line_1_31' title="bbox 426 2813 1449 2884; baseline 0.006 -20"><span class='ocrx_word' id='word_1_250' title='bbox 426 2813 623 2880; x_wconf 66' lang='lat' dir='ltr'><strong>hatten,</strong></span> <span class='ocrx_word' id='word_1_251' title='bbox 659 2819 776 2881; x_wconf 84' lang='lat' dir='ltr'><strong>sagt</strong></span> <span class='ocrx_word' id='word_1_252' title='bbox 803 2814 1053 2884; x_wconf 81' lang='lat' dir='ltr'><strong>Polybius</strong></span> <span class='ocrx_word' id='word_1_253' title='bbox 1078 2817 1099 2868; x_wconf 89' lang='grc' dir='ltr'>Ι</span> <span class='ocrx_word' id='word_1_254' title='bbox 1126 2818 1190 2871; x_wconf 79' lang='grc'><strong>32</strong></span> <span class='ocrx_word' id='word_1_255' title='bbox 1217 2817 1270 2869; x_wconf 84' lang='lat' dir='ltr'><strong>ff.</strong></span> <span class='ocrx_word' id='word_1_256' title='bbox 1291 2817 1449 2870; x_wconf 82' lang='lat' dir='ltr'><strong>nicht.</strong></span> 
     </span>
     <span class='ocr_line' id='line_1_32' title="bbox 426 2875 1456 2954; baseline 0.007 -24"><span class='ocrx_word' id='word_1_257' title='bbox 426 2875 689 2937; x_wconf 87' lang='lat' dir='ltr'><strong>Vielmehr</strong></span> <span class='ocrx_word' id='word_1_258' title='bbox 724 2882 827 2954; x_wconf 84' lang='lat' dir='ltr'><strong>soll</strong></span> <span class='ocrx_word' id='word_1_259' title='bbox 858 2883 1200 2952; x_wconf 78' lang='lat' dir='ltr'><strong>XanthippuS,</strong></span> <span class='ocrx_word' id='word_1_260' title='bbox 1237 2885 1327 2937; x_wconf 89' lang='lat' dir='ltr'><strong>der</strong></span> <span class='ocrx_word' id='word_1_261' title='bbox 1350 2885 1456 2937; x_wconf 88' lang='lat' dir='ltr'><strong>An—</strong></span> 
     </span>
     <span class='ocr_line' id='line_1_33' title="bbox 427 2948 1455 3019; baseline 0.006 -20"><span class='ocrx_word' id='word_1_262' title='bbox 427 2948 601 3001; x_wconf 77' lang='lat' dir='ltr'><strong>ftihrer</strong></span> <span class='ocrx_word' id='word_1_263' title='bbox 646 2952 1022 3016; x_wconf 83' lang='lat' dir='ltr'><strong>spartanischer</strong></span> <span class='ocrx_word' id='word_1_264' title='bbox 1066 2951 1310 3019; x_wconf 76' lang='lat' dir='ltr'><strong>Soldner,</strong></span> <span class='ocrx_word' id='word_1_265' title='bbox 1363 2953 1455 3005; x_wconf 86' lang='lat' dir='ltr'><strong>der</strong></span> 
     </span>
     <span class='ocr_line' id='line_1_34' title="bbox 428 3017 1451 3087; baseline 0.005 -19"><span class='ocrx_word' id='word_1_266' title='bbox 428 3017 558 3069; x_wconf 85' lang='lat' dir='ltr'><strong>nach</strong></span> <span class='ocrx_word' id='word_1_267' title='bbox 593 3017 765 3070; x_wconf 81' lang='lat' dir='ltr'><strong>Africa</strong></span> <span class='ocrx_word' id='word_1_268' title='bbox 812 3019 1118 3085; x_wconf 84' lang='lat' dir='ltr'><strong>gekommen</strong></span> <span class='ocrx_word' id='word_1_269' title='bbox 1166 3036 1304 3087; x_wconf 79' lang='lat' dir='ltr'><strong>war,</strong></span> <span class='ocrx_word' id='word_1_270' title='bbox 1351 3021 1451 3073; x_wconf 90' lang='lat' dir='ltr'><strong>den</strong></span> 
     </span>
     <span class='ocr_line' id='line_1_35' title="bbox 426 3083 1452 3155; baseline 0.003 -18"><span class='ocrx_word' id='word_1_271' title='bbox 426 3083 747 3153; x_wconf 78' lang='lat' dir='ltr'><strong>Karthagcrn</strong></span> <span class='ocrx_word' id='word_1_272' title='bbox 772 3087 977 3155; x_wconf 80' lang='lat' dir='ltr'><strong>gezeigt</strong></span> <span class='ocrx_word' id='word_1_273' title='bbox 999 3089 1185 3155; x_wconf 79' lang='lat' dir='ltr'><strong>haben,</strong></span> <span class='ocrx_word' id='word_1_274' title='bbox 1220 3089 1339 3142; x_wconf 83' lang='lat' dir='ltr'><strong>dass</strong></span> <span class='ocrx_word' id='word_1_275' title='bbox 1368 3089 1452 3141; x_wconf 89' lang='lat' dir='ltr'><strong>ein</strong></span> 
     </span>
     <span class='ocr_line' id='line_1_36' title="bbox 427 3153 1453 3222; baseline 0.005 -17"><span class='ocrx_word' id='word_1_276' title='bbox 427 3153 617 3222; x_wconf 75' lang='lat' dir='ltr'><strong>Rumpf</strong></span> <span class='ocrx_word' id='word_1_277' title='bbox 647 3154 701 3206; x_wconf 91' lang='lat' dir='ltr'><strong>in</strong></span> <span class='ocrx_word' id='word_1_278' title='bbox 728 3154 821 3208; x_wconf 84' lang='lat' dir='ltr'><strong>der</strong></span> <span class='ocrx_word' id='word_1_279' title='bbox 839 3156 1015 3209; x_wconf 87' lang='lat' dir='ltr'><strong>Ebene</strong></span> <span class='ocrx_word' id='word_1_280' title='bbox 1048 3157 1134 3210; x_wconf 88' lang='lat' dir='ltr'><strong>bei</strong></span> <span class='ocrx_word' id='word_1_281' title='bbox 1168 3158 1312 3211; x_wconf 85' lang='lat' dir='ltr'><strong>ihren</strong></span> <span class='ocrx_word' id='word_1_282' title='bbox 1336 3157 1453 3210; x_wconf 85' lang='lat' dir='ltr'><strong>Ele-</strong></span> 
     </span>
     <span class='ocr_line' id='line_1_37' title="bbox 425 3222 1453 3290; baseline 0.002 -16"><span class='ocrx_word' id='word_1_283' title='bbox 425 3222 653 3290; x_wconf 84' lang='lat' dir='ltr'><strong>phanten</strong></span> <span class='ocrx_word' id='word_1_284' title='bbox 681 3223 785 3276; x_wconf 89' lang='lat' dir='ltr'><strong>und</strong></span> <span class='ocrx_word' id='word_1_285' title='bbox 807 3224 943 3278; x_wconf 85' lang='lat' dir='ltr'><strong>ihrer</strong></span> <span class='ocrx_word' id='word_1_286' title='bbox 966 3227 1143 3281; x_wconf 75' lang='lat' dir='ltr'><strong>fiberle</strong></span> <span class='ocrx_word' id='word_1_287' title='bbox 1180 3241 1311 3279; x_wconf 89' lang='lat' dir='ltr'><strong>enen</strong></span> <span class='ocrx_word' id='word_1_288' title='bbox 1335 3225 1453 3277; x_wconf 87' lang='lat' dir='ltr'><strong>Rei-</strong></span> 
     </span>
     <span class='ocr_line' id='line_1_38' title="bbox 427 3290 1451 3375; baseline 0.004 -33"><span class='ocrx_word' id='word_1_289' title='bbox 427 3291 554 3370; x_wconf 77' lang='lat' dir='ltr'><strong>terei</strong></span> <span class='ocrx_word' id='word_1_290' title='bbox 586 3291 667 3372; x_wconf 65' lang='lat' dir='ltr'><strong>fur</strong></span> <span class='ocrx_word' id='word_1_291' title='bbox 697 3290 772 3373; x_wconf 75' lang='lat' dir='ltr'><strong>sie</strong></span> <span class='ocrx_word' id='word_1_292' title='bbox 799 3294 923 3346; x_wconf 84' lang='lat' dir='ltr'><strong>weit</strong></span> <span class='ocrx_word' id='word_1_293' title='bbox 951 3294 1153 3375; x_wconf 62' lang='lat' dir='ltr'><strong>vorthei</strong></span> <span class='ocrx_word' id='word_1_294' title='bbox 1177 3294 1345 3347; x_wconf 84' lang='lat' dir='ltr'><strong>hafter</strong></span> <span class='ocrx_word' id='word_1_295' title='bbox 1373 3294 1451 3346; x_wconf 86' lang='lat' dir='ltr'><strong>als</strong></span> 
     </span>
     <span class='ocr_line' id='line_1_39' title="bbox 424 3360 1452 3483; baseline 0.004 -4"><span class='ocrx_word' id='word_1_296' title='bbox 424 3360 1452 3483; x_wconf 48' lang='grc' dir='ltr'><strong>ζ’ὲὲθὲᾙὲῗιῗᾙὲἲὶῗ(18.ῗέἔῖἕὶἒῆ</strong></span> 
     </span>
     <span class='ocr_line' id='line_1_40' title="bbox 425 3496 1451 3565; baseline 0.001 -16"><span class='ocrx_word' id='word_1_297' title='bbox 425 3496 711 3549; x_wconf 83' lang='lat' dir='ltr'><strong>entworfen</strong></span> <span class='ocrx_word' id='word_1_298' title='bbox 758 3497 953 3565; x_wconf 86' lang='lat' dir='ltr'><strong>haben,</strong></span> <span class='ocrx_word' id='word_1_299' title='bbox 999 3499 1054 3550; x_wconf 88' lang='lat' dir='ltr'><strong>in</strong></span> <span class='ocrx_word' id='word_1_300' title='bbox 1098 3498 1324 3552; x_wconf 78' lang='lat' dir='ltr'><strong>welcher</strong></span> <span class='ocrx_word' id='word_1_301' title='bbox 1367 3498 1451 3551; x_wconf 87' lang='lat' dir='ltr'><strong>die</strong></span> 
     </span>
     <span class='ocr_line' id='line_1_41' title="bbox 424 3563 1452 3639; baseline 0 -21"><span class='ocrx_word' id='word_1_302' title='bbox 424 3564 710 3631; x_wconf 82' lang='lat' dir='ltr'><strong>Karthager</strong></span> <span class='ocrx_word' id='word_1_303' title='bbox 744 3563 903 3618; x_wconf 86' lang='lat' dir='ltr'><strong>durch</strong></span> <span class='ocrx_word' id='word_1_304' title='bbox 938 3567 1021 3619; x_wconf 87' lang='lat' dir='ltr'><strong>die</strong></span> <span class='ocrx_word' id='word_1_305' title='bbox 1054 3566 1277 3639; x_wconf 80' lang='lat' dir='ltr'><strong>Reiterei</strong></span> <span class='ocrx_word' id='word_1_306' title='bbox 1317 3567 1452 3634; x_wconf 82' lang='lat' dir='ltr'><strong>sieg-</strong></span> 
     </span>
     <span class='ocr_line' id='line_1_42' title="bbox 425 3633 1450 3693; baseline 0.002 -7"><span class='ocrx_word' id='word_1_307' title='bbox 425 3638 530 3687; x_wconf 86' lang='lat' dir='ltr'><strong>ten.</strong></span> <span class='ocrx_word' id='word_1_308' title='bbox 575 3633 677 3687; x_wconf 85' lang='lat' dir='ltr'><strong>Cic.</strong></span> <span class='ocrx_word' id='word_1_309' title='bbox 710 3635 906 3689; x_wconf 70' lang='lat' dir='ltr'><strong>erzfihlt</strong></span> <span class='ocrx_word' id='word_1_310' title='bbox 940 3650 999 3688; x_wconf 87' lang='lat' dir='ltr'><strong>so</strong></span> <span class='ocrx_word' id='word_1_311' title='bbox 1037 3651 1125 3688; x_wconf 87' lang='lat' dir='ltr'><strong>um</strong></span> <span class='ocrx_word' id='word_1_312' title='bbox 1160 3635 1259 3693; x_wconf 81' lang='lat' dir='ltr'><strong>den</strong></span> <span class='ocrx_word' id='word_1_313' title='bbox 1283 3635 1450 3688; x_wconf 89' lang='lat' dir='ltr'><strong>Ruhm</strong></span> 
     </span>
     <span class='ocr_line' id='line_1_43' title="bbox 424 3701 1266 3772; baseline 0.004 -18"><span class='ocrx_word' id='word_1_314' title='bbox 424 3702 515 3755; x_wconf 90' lang='lat' dir='ltr'><strong>der</strong></span> <span class='ocrx_word' id='word_1_315' title='bbox 548 3701 750 3769; x_wconf 62' lang='lat' dir='ltr'><strong>Gesner</strong></span> <span class='ocrx_word' id='word_1_316' title='bbox 784 3719 849 3756; x_wconf 84' lang='lat' dir='ltr'><strong>zu</strong></span> <span class='ocrx_word' id='word_1_317' title='bbox 883 3704 1185 3759; x_wconf 69' lang='lat' dir='ltr'><strong>schmfilern.</strong></span> <span class='ocrx_word' id='word_1_318' title='bbox 1260 3766 1266 3772; x_wconf 88' lang='lat'><strong>.</strong></span> 
     </span>
    </p>

    <p class='ocr_par' dir='ltr' id='par_1_12' title="bbox 423 3768 1454 3968">
     <span class='ocr_line' id='line_1_44' title="bbox 493 3768 1454 3837; baseline 0.001 -14"><span class='ocrx_word' id='word_1_319' title='bbox 493 3773 541 3823; x_wconf 78' lang='lat'><strong>7.</strong></span> <span class='ocrx_word' id='word_1_320' title='bbox 575 3775 733 3837; x_wconf 79' lang='lat' dir='ltr'><strong>patre</strong></span> <span class='ocrx_word' id='word_1_321' title='bbox 775 3768 1097 3824; x_wconf 77' lang='lat' dir='ltr'><strong>Hannibalis</strong></span> <span class='ocrx_word' id='word_1_322' title='bbox 1129 3772 1454 3824; x_wconf 76' lang='lat' dir='ltr'><strong>Hamilcare.</strong></span> 
     </span>
     <span class='ocr_line' id='line_1_45' title="bbox 423 3837 1454 3906; baseline 0.003 -17"><span class='ocrx_word' id='word_1_323' title='bbox 423 3837 525 3891; x_wconf 85' lang='lat' dir='ltr'><strong>Das</strong></span> <span class='ocrx_word' id='word_1_324' title='bbox 547 3839 617 3890; x_wconf 89' lang='lat' dir='ltr'><strong>ist</strong></span> <span class='ocrx_word' id='word_1_325' title='bbox 643 3838 725 3890; x_wconf 88' lang='lat' dir='ltr'><strong>ein</strong></span> <span class='ocrx_word' id='word_1_326' title='bbox 742 3837 976 3906; x_wconf 80' lang='lat' dir='ltr'><strong>Iri-thum,</strong></span> <span class='ocrx_word' id='word_1_327' title='bbox 999 3840 1134 3894; x_wconf 90' lang='lat' dir='ltr'><strong>denn</strong></span> <span class='ocrx_word' id='word_1_328' title='bbox 1157 3839 1247 3893; x_wconf 87' lang='lat' dir='ltr'><strong>der</strong></span> <span class='ocrx_word' id='word_1_329' title='bbox 1264 3839 1454 3893; x_wconf 84' lang='lat' dir='ltr'><strong>Hamil—</strong></span> 
     </span>
     <span class='ocr_line' id='line_1_46' title="bbox 425 3904 1452 3968; baseline 0.005 -12"><span class='ocrx_word' id='word_1_330' title='bbox 425 3919 525 3968; x_wconf 84' lang='lat' dir='ltr'><strong>car,</strong></span> <span class='ocrx_word' id='word_1_331' title='bbox 537 3904 822 3958; x_wconf 82' lang='lat' dir='ltr'><strong>welcherin</strong></span> <span class='ocrx_word' id='word_1_332' title='bbox 833 3907 1267 3961; x_wconf 85' lang='lat' dir='ltr'><strong>derSchlachtbei</strong></span> <span class='ocrx_word' id='word_1_333' title='bbox 1278 3908 1452 3961; x_wconf 76' lang='lat' dir='ltr'><strong>Tunes</strong></span> 
     </span>
    </p>
   </div>
   <div class='ocr_carea' id='block_1_7' title="bbox 333 3972 1452 4042">
    <p class='ocr_par' dir='ltr' id='par_1_13' title="bbox 333 3972 1452 4042">
     <span class='ocr_line' id='line_1_47' title="bbox 333 3972 1452 4042; baseline 0.001 -15"><span class='ocrx_word' id='word_1_334' title='bbox 333 4022 338 4027; x_wconf 90' lang='lat'><strong>.</strong></span> <span class='ocrx_word' id='word_1_335' title='bbox 425 3974 526 4025; x_wconf 78' lang='lat'><strong>499</strong></span> <span class='ocrx_word' id='word_1_336' title='bbox 545 3973 685 4038; x_wconf 84' lang='lat'><strong>(255)</strong></span> <span class='ocrx_word' id='word_1_337' title='bbox 704 3972 796 4027; x_wconf 84' lang='lat' dir='ltr'><strong>das</strong></span> <span class='ocrx_word' id='word_1_338' title='bbox 807 3973 1244 4029; x_wconf 81' lang='lat' dir='ltr'><strong>Obercommando</strong></span> <span class='ocrx_word' id='word_1_339' title='bbox 1262 3975 1452 4042; x_wconf 67' lang='lat' dir='ltr'><strong>fuitne,</strong></span> 
     </span>
    </p>
   </div>
   <div class='ocr_carea' id='block_1_8' title="bbox 1554 2271 2587 2878">
    <p class='ocr_par' dir='ltr' id='par_1_14' title="bbox 1554 2271 2587 2749">
     <span class='ocr_line' id='line_1_48' title="bbox 1554 2271 2587 2324; baseline -0.001 -1"><span class='ocrx_word' id='word_1_340' title='bbox 1554 2272 1699 2324; x_wconf 83' lang='lat' dir='ltr'><strong>hatte</strong></span> <span class='ocrx_word' id='word_1_341' title='bbox 1741 2273 1903 2324; x_wconf 87' lang='lat' dir='ltr'><strong>schon</strong></span> <span class='ocrx_word' id='word_1_342' title='bbox 1937 2272 1990 2324; x_wconf 89' lang='lat' dir='ltr'><strong>in</strong></span> <span class='ocrx_word' id='word_1_343' title='bbox 2027 2271 2237 2324; x_wconf 85' lang='lat' dir='ltr'><strong>Sicilien</strong></span> <span class='ocrx_word' id='word_1_344' title='bbox 2273 2271 2416 2324; x_wconf 82' lang='lat' dir='ltr'><strong>nicht</strong></span> <span class='ocrx_word' id='word_1_345' title='bbox 2449 2271 2587 2323; x_wconf 85' lang='lat' dir='ltr'><strong>ohne</strong></span> 
     </span>
     <span class='ocr_line' id='line_1_49' title="bbox 1555 2337 2587 2407; baseline -0.001 -16"><span class='ocrx_word' id='word_1_346' title='bbox 1555 2339 1734 2406; x_wconf 84' lang='lat' dir='ltr'><strong>Erfolg</strong></span> <span class='ocrx_word' id='word_1_347' title='bbox 1769 2340 1868 2393; x_wconf 88' lang='lat' dir='ltr'><strong>den</strong></span> <span class='ocrx_word' id='word_1_348' title='bbox 1896 2339 2053 2406; x_wconf 78' lang='lat' dir='ltr'><strong>Krieg</strong></span> <span class='ocrx_word' id='word_1_349' title='bbox 2075 2340 2303 2407; x_wconf 58' lang='lat' dir='ltr'><strong>gestitet,</strong></span> <span class='ocrx_word' id='word_1_350' title='bbox 2339 2337 2587 2392; x_wconf 69' lang='lat' dir='ltr'><strong>wiht-end</strong></span> 
     </span>
     <span class='ocr_line' id='line_1_50' title="bbox 1554 2406 2585 2475; baseline -0.002 -15"><span class='ocrx_word' id='word_1_351' title='bbox 1554 2407 1811 2461; x_wconf 81' lang='lat' dir='ltr'><strong>Hamilcar</strong></span> <span class='ocrx_word' id='word_1_352' title='bbox 1845 2407 2061 2475; x_wconf 79' lang='lat' dir='ltr'><strong>BarcaS,</strong></span> <span class='ocrx_word' id='word_1_353' title='bbox 2094 2408 2375 2460; x_wconf 75' lang='lat' dir='ltr'><strong>Hannibale</strong></span> <span class='ocrx_word' id='word_1_354' title='bbox 2413 2406 2585 2472; x_wconf 84' lang='lat' dir='ltr'><strong>Vater‚</strong></span> 
     </span>
     <span class='ocr_line' id='line_1_51' title="bbox 1558 2473 2587 2542; baseline -0.001 -14"><span class='ocrx_word' id='word_1_355' title='bbox 1558 2480 1664 2529; x_wconf 86' lang='lat' dir='ltr'><strong>erst</strong></span> <span class='ocrx_word' id='word_1_356' title='bbox 1688 2481 1788 2530; x_wconf 87' lang='grc'><strong>506</strong></span> <span class='ocrx_word' id='word_1_357' title='bbox 1807 2477 1949 2541; x_wconf 84' lang='lat'>(248)</span> <span class='ocrx_word' id='word_1_358' title='bbox 1973 2477 2051 2529; x_wconf 85' lang='lat' dir='ltr'><strong>als</strong></span> <span class='ocrx_word' id='word_1_359' title='bbox 2111 2492 2205 2528; x_wconf 86' lang='lat' dir='ltr'><strong>anz</strong></span> <span class='ocrx_word' id='word_1_360' title='bbox 2222 2477 2413 2542; x_wconf 79' lang='lat' dir='ltr'><strong>junget</strong></span> <span class='ocrx_word' id='word_1_361' title='bbox 2428 2473 2587 2527; x_wconf 78' lang='lat' dir='ltr'><strong>Mann</strong></span> 
     </span>
     <span class='ocr_line' id='line_1_52' title="bbox 1557 2491 2585 2597; baseline -0.002 0"><span class='ocrx_word' id='word_1_362' title='bbox 1557 2544 1659 2597; x_wconf 86' lang='lat' dir='ltr'><strong>den</strong></span> <span class='ocrx_word' id='word_1_363' title='bbox 1676 2543 1984 2597; x_wconf 84' lang='lat' dir='ltr'><strong>Oberbefehl</strong></span> <span class='ocrx_word' id='word_1_364' title='bbox 2002 2544 2055 2596; x_wconf 91' lang='lat' dir='ltr'><strong>in</strong></span> <span class='ocrx_word' id='word_1_365' title='bbox 2074 2491 2283 2597; x_wconf 57' lang='lat' dir='ltr'><strong>{icilien</strong></span> <span class='ocrx_word' id='word_1_366' title='bbox 2302 2543 2585 2596; x_wconf 66' lang='lat' dir='ltr'><strong>iibernahn</strong></span> 
     </span>
     <span class='ocr_line' id='line_1_53' title="bbox 1557 2612 2585 2678; baseline -0.003 -12"><span class='ocrx_word' id='word_1_367' title='bbox 1557 2613 1662 2666; x_wconf 90' lang='lat' dir='ltr'><strong>und</strong></span> <span class='ocrx_word' id='word_1_368' title='bbox 1696 2614 1832 2666; x_wconf 87' lang='lat' dir='ltr'><strong>noch</strong></span> <span class='ocrx_word' id='word_1_369' title='bbox 1865 2614 1937 2665; x_wconf 89' lang='lat' dir='ltr'><strong>im</strong></span> <span class='ocrx_word' id='word_1_370' title='bbox 1959 2612 2304 2665; x_wconf 84' lang='lat' dir='ltr'><strong>Mannesalter</strong></span> <span class='ocrx_word' id='word_1_371' title='bbox 2338 2627 2461 2678; x_wconf 81' lang='lat' dir='ltr'><strong>war,</strong></span> <span class='ocrx_word' id='word_1_372' title='bbox 2506 2612 2585 2664; x_wconf 90' lang='lat' dir='ltr'><strong>als</strong></span> 
     </span>
     <span class='ocr_line' id='line_1_54' title="bbox 1558 2679 2463 2749; baseline 0 -16"><span class='ocrx_word' id='word_1_373' title='bbox 1558 2696 1614 2733; x_wconf 85' lang='lat' dir='ltr'><strong>er</strong></span> <span class='ocrx_word' id='word_1_374' title='bbox 1648 2685 1746 2734; x_wconf 82' lang='grc'><strong>525</strong></span> <span class='ocrx_word' id='word_1_375' title='bbox 1784 2683 1927 2746; x_wconf 79' lang='lat'><strong>(229)</strong></span> <span class='ocrx_word' id='word_1_376' title='bbox 1961 2681 2015 2737; x_wconf 87' lang='lat' dir='ltr'><strong>in</strong></span> <span class='ocrx_word' id='word_1_377' title='bbox 2049 2679 2324 2749; x_wconf 83' lang='lat' dir='ltr'><strong>Hispanien</strong></span> <span class='ocrx_word' id='word_1_378' title='bbox 2362 2679 2463 2733; x_wconf 86' lang='lat' dir='ltr'><strong>fiel.</strong></span> 
     </span>
    </p>

    <p class='ocr_par' dir='ltr' id='par_1_15' title="bbox 1555 2746 2587 2878">
     <span class='ocr_line' id='line_1_55' title="bbox 1627 2746 2587 2814; baseline -0.003 -11"><span class='ocrx_word' id='word_1_379' title='bbox 1627 2753 1707 2803; x_wconf 91' lang='grc'><strong>10.</strong></span> <span class='ocrx_word' id='word_1_380' title='bbox 1729 2767 1830 2814; x_wconf 74' lang='lat' dir='ltr'><strong>res,</strong></span> <span class='ocrx_word' id='word_1_381' title='bbox 1864 2749 1948 2801; x_wconf 85' lang='lat' dir='ltr'><strong>die</strong></span> <span class='ocrx_word' id='word_1_382' title='bbox 1972 2747 2313 2814; x_wconf 80' lang='lat' dir='ltr'><strong>Thatsachen‚</strong></span> <span class='ocrx_word' id='word_1_383' title='bbox 2346 2749 2437 2801; x_wconf 86' lang='lat' dir='ltr'><strong>der</strong></span> <span class='ocrx_word' id='word_1_384' title='bbox 2459 2746 2587 2800; x_wconf 86' lang='lat' dir='ltr'><strong>Ver-</strong></span> 
     </span>
     <span class='ocr_line' id='line_1_56' title="bbox 1555 2817 2129 2878; baseline -0.002 -8"><span class='ocrx_word' id='word_1_385' title='bbox 1555 2817 1669 2870; x_wconf 79' lang='lat' dir='ltr'><strong>lauf</strong></span> <span class='ocrx_word' id='word_1_386' title='bbox 1700 2818 1789 2870; x_wconf 86' lang='lat' dir='ltr'><strong>der</strong></span> <span class='ocrx_word' id='word_1_387' title='bbox 1821 2817 2129 2878; x_wconf 77' lang='lat' dir='ltr'><strong>Ereignisse.</strong></span> 
     </span>
    </p>
   </div>
   <div class='ocr_carea' id='block_1_9' title="bbox 1628 2884 2659 2939">
    <p class='ocr_par' dir='ltr' id='par_1_16' title="bbox 1628 2884 2659 2939">
     <span class='ocr_line' id='line_1_57' title="bbox 1628 2884 2659 2939; baseline -0.007 -1"><span class='ocrx_word' id='word_1_388' title='bbox 1628 2890 1706 2939; x_wconf 85' lang='grc'><strong>11.</strong></span> <span class='ocrx_word' id='word_1_389' title='bbox 1746 2887 1932 2939; x_wconf 81' lang='lat' dir='ltr'><strong>domui</strong></span> <span class='ocrx_word' id='word_1_390' title='bbox 1965 2885 2041 2938; x_wconf 83' lang='lat' dir='ltr'><strong>als</strong></span> <span class='ocrx_word' id='word_1_391' title='bbox 2077 2885 2289 2937; x_wconf 84' lang='lat' dir='ltr'><strong>Locativ</strong></span> <span class='ocrx_word' id='word_1_392' title='bbox 2322 2884 2406 2937; x_wconf 80' lang='lat' dir='ltr'><strong>fiir</strong></span> <span class='ocrx_word' id='word_1_393' title='bbox 2440 2886 2588 2936; x_wconf 66' lang='lat' dir='ltr'><strong>domi·</strong></span> <span class='ocrx_word' id='word_1_394' title='bbox 2655 2929 2659 2931; x_wconf 18' lang='grc' dir='ltr'><strong><em>Δ</em></strong></span> 
     </span>
    </p>
   </div>
   <div class='ocr_carea' id='block_1_10' title="bbox 1550 2953 2586 3842">
    <p class='ocr_par' dir='ltr' id='par_1_17' title="bbox 1553 2953 2584 3077">
     <span class='ocr_line' id='line_1_58' title="bbox 1555 2953 2584 3007; baseline -0.001 -1"><span class='ocrx_word' id='word_1_395' title='bbox 1555 2954 1696 3006; x_wconf 84' lang='lat' dir='ltr'><strong>steht</strong></span> <span class='ocrx_word' id='word_1_396' title='bbox 1740 2955 1871 3007; x_wconf 86' lang='lat' dir='ltr'><strong>auch</strong></span> <span class='ocrx_word' id='word_1_397' title='bbox 1914 2954 1999 3006; x_wconf 85' lang='lat' dir='ltr'><strong>bei</strong></span> <span class='ocrx_word' id='word_1_398' title='bbox 2035 2953 2137 3006; x_wconf 84' lang='lat' dir='ltr'><strong>Cic.</strong></span> <span class='ocrx_word' id='word_1_399' title='bbox 2176 2953 2229 3004; x_wconf 89' lang='lat' dir='ltr'><strong>in</strong></span> <span class='ocrx_word' id='word_1_400' title='bbox 2264 2953 2364 3005; x_wconf 88' lang='lat' dir='ltr'><strong>den</strong></span> <span class='ocrx_word' id='word_1_401' title='bbox 2399 2953 2584 3005; x_wconf 86' lang='lat' dir='ltr'><strong>besten</strong></span> 
     </span>
     <span class='ocr_line' id='line_1_59' title="bbox 1553 3021 2105 3077; baseline 0.005 -3"><span class='ocrx_word' id='word_1_402' title='bbox 1553 3021 1705 3075; x_wconf 70' lang='lat' dir='ltr'><strong>nass,</strong></span> <span class='ocrx_word' id='word_1_403' title='bbox 1745 3022 1889 3074; x_wconf 89' lang='lat' dir='ltr'><strong>nicht</strong></span> <span class='ocrx_word' id='word_1_404' title='bbox 1923 3022 2105 3077; x_wconf 86' lang='lat' dir='ltr'><strong>selten.</strong></span> 
     </span>
    </p>

    <p class='ocr_par' dir='ltr' id='par_1_18' title="bbox 1552 3086 2584 3430">
     <span class='ocr_line' id='line_1_60' title="bbox 1628 3086 2581 3156; baseline -0.002 -13"><span class='ocrx_word' id='word_1_405' title='bbox 1628 3093 1706 3143; x_wconf 84' lang='lat'><strong>19.</strong></span> <span class='ocrx_word' id='word_1_406' title='bbox 1742 3091 1808 3141; x_wconf 82' lang='lat' dir='ltr'><strong>In</strong></span> <span class='ocrx_word' id='word_1_407' title='bbox 1830 3095 2074 3142; x_wconf 74' lang='lat' dir='ltr'><strong>senatum</strong></span> <span class='ocrx_word' id='word_1_408' title='bbox 2096 3092 2276 3141; x_wconf 81' lang='lat' dir='ltr'><strong>venit.-</strong></span> <span class='ocrx_word' id='word_1_409' title='bbox 2310 3086 2392 3141; x_wconf 88' lang='lat' dir='ltr'><strong>die</strong></span> <span class='ocrx_word' id='word_1_410' title='bbox 2415 3103 2581 3156; x_wconf 78' lang='lat' dir='ltr'><strong>ganze</strong></span> 
     </span>
     <span class='ocr_line' id='line_1_61' title="bbox 1555 3156 2581 3221; baseline -0.001 -10"><span class='ocrx_word' id='word_1_411' title='bbox 1555 3157 1953 3211; x_wconf 78' lang='lat' dir='ltr'><strong>Gesandtschaft</strong></span> <span class='ocrx_word' id='word_1_412' title='bbox 1969 3159 2039 3211; x_wconf 87' lang='lat' dir='ltr'><strong>ist</strong></span> <span class='ocrx_word' id='word_1_413' title='bbox 2056 3156 2390 3221; x_wconf 79' lang='lat' dir='ltr'><strong>zweifelhaft‚</strong></span> <span class='ocrx_word' id='word_1_414' title='bbox 2407 3157 2581 3210; x_wconf 83' lang='lat' dir='ltr'><strong>indem</strong></span> 
     </span>
     <span class='ocr_line' id='line_1_62' title="bbox 1555 3224 2584 3292; baseline -0.003 -13"><span class='ocrx_word' id='word_1_415' title='bbox 1555 3227 1630 3279; x_wconf 86' lang='lat' dir='ltr'><strong>sie</strong></span> <span class='ocrx_word' id='word_1_416' title='bbox 1659 3225 1780 3279; x_wconf 84' lang='lat' dir='ltr'><strong>bald</strong></span> <span class='ocrx_word' id='word_1_417' title='bbox 1808 3227 1861 3279; x_wconf 85' lang='lat' dir='ltr'><strong>in</strong></span> <span class='ocrx_word' id='word_1_418' title='bbox 1885 3226 1978 3279; x_wconf 88' lang='lat' dir='ltr'><strong>das</strong></span> <span class='ocrx_word' id='word_1_419' title='bbox 1994 3225 2120 3279; x_wconf 86' lang='lat' dir='ltr'><strong>Jahr</strong></span> <span class='ocrx_word' id='word_1_420' title='bbox 2141 3228 2240 3279; x_wconf 85' lang='grc'><strong>503</strong></span> <span class='ocrx_word' id='word_1_421' title='bbox 2260 3227 2420 3292; x_wconf 69' lang='grc'><strong>(251),</strong></span> <span class='ocrx_word' id='word_1_422' title='bbox 2457 3224 2584 3277; x_wconf 78' lang='lat' dir='ltr'><strong>bald</strong></span> 
     </span>
     <span class='ocr_line' id='line_1_63' title="bbox 1553 3291 2583 3361; baseline 0.001 -15"><span class='ocrx_word' id='word_1_423' title='bbox 1553 3295 1607 3347; x_wconf 90' lang='lat' dir='ltr'><strong>in</strong></span> <span class='ocrx_word' id='word_1_424' title='bbox 1643 3298 1750 3349; x_wconf 85' lang='grc'><strong>513·</strong></span> <span class='ocrx_word' id='word_1_425' title='bbox 1789 3294 1965 3361; x_wconf 82' lang='lat' dir='ltr'><strong>gelegt</strong></span> <span class='ocrx_word' id='word_1_426' title='bbox 2007 3293 2163 3357; x_wconf 87' lang='lat' dir='ltr'><strong>wird;</strong></span> <span class='ocrx_word' id='word_1_427' title='bbox 2217 3309 2258 3346; x_wconf 76' lang='lat' dir='ltr'><strong>e.</strong></span> <span class='ocrx_word' id='word_1_428' title='bbox 2294 3291 2583 3347; x_wconf 86' lang='lat' dir='ltr'><strong>Mommsen</strong></span> 
     </span>
     <span class='ocr_line' id='line_1_64' title="bbox 1552 3362 2198 3430; baseline -0.002 -14"><span class='ocrx_word' id='word_1_429' title='bbox 1552 3366 1681 3417; x_wconf 75' lang='lat' dir='ltr'><strong>rom.</strong></span> <span class='ocrx_word' id='word_1_430' title='bbox 1718 3362 1903 3416; x_wconf 86' lang='lat' dir='ltr'><strong>Gesch.</strong></span> <span class='ocrx_word' id='word_1_431' title='bbox 1936 3362 1958 3415; x_wconf 93' lang='lat' dir='ltr'><strong>l</strong></span> <span class='ocrx_word' id='word_1_432' title='bbox 1992 3379 2043 3430; x_wconf 89' lang='lat' dir='ltr'><strong>p.</strong></span> <span class='ocrx_word' id='word_1_433' title='bbox 2082 3365 2198 3416; x_wconf 81' lang='grc'><strong>530.</strong></span> 
     </span>
    </p>

    <p class='ocr_par' dir='ltr' id='par_1_19' title="bbox 1551 3428 2584 3636">
     <span class='ocr_line' id='line_1_65' title="bbox 1623 3428 2583 3496; baseline -0.003 -11"><span class='ocrx_word' id='word_1_434' title='bbox 1623 3434 1705 3485; x_wconf 82' lang='lat'><strong>20.</strong></span> <span class='ocrx_word' id='word_1_435' title='bbox 1753 3434 1876 3483; x_wconf 77' lang='lat' dir='ltr'><strong>iure</strong></span> <span class='ocrx_word' id='word_1_436' title='bbox 1915 3431 2148 3483; x_wconf 79' lang='lat' dir='ltr'><strong>iurando</strong></span> <span class='ocrx_word' id='word_1_437' title='bbox 2186 3432 2420 3481; x_wconf 69' lang='lat' dir='ltr'><strong>hostium</strong></span> <span class='ocrx_word' id='word_1_438' title='bbox 2433 3468 2448 3496; x_wconf 88' lang='lat'><strong>,</strong></span> <span class='ocrx_word' id='word_1_439' title='bbox 2483 3428 2533 3482; x_wconf 82' lang='lat' dir='ltr'><strong>d.</strong></span> <span class='ocrx_word' id='word_1_440' title='bbox 2547 3430 2583 3482; x_wconf 88' lang='lat' dir='ltr'><strong>i.</strong></span> 
     </span>
     <span class='ocr_line' id='line_1_66' title="bbox 1551 3495 2584 3554; baseline -0.001 -3"><span class='ocrx_word' id='word_1_441' title='bbox 1551 3503 1675 3551; x_wconf 77' lang='lat' dir='ltr'><strong>iure</strong></span> <span class='ocrx_word' id='word_1_442' title='bbox 1706 3503 1815 3554; x_wconf 71' lang='grc' dir='ltr'><strong>ίαν.</strong></span> <span class='ocrx_word' id='word_1_443' title='bbox 1841 3502 2079 3551; x_wconf 71' lang='lat' dir='ltr'><strong>hostibus</strong></span> <span class='ocrx_word' id='word_1_444' title='bbox 2100 3499 2250 3551; x_wconf 81' lang='lat' dir='ltr'><strong>dato.</strong></span> <span class='ocrx_word' id='word_1_445' title='bbox 2283 3495 2483 3549; x_wconf 81' lang='lat' dir='ltr'><strong>Anders</strong></span> <span class='ocrx_word' id='word_1_446' title='bbox 2512 3498 2584 3550; x_wconf 86' lang='lat' dir='ltr'><strong>ist</strong></span> 
     </span>
     <span class='ocr_line' id='line_1_67' title="bbox 1553 3566 2378 3636; baseline -0.006 -13"><span class='ocrx_word' id='word_1_447' title='bbox 1553 3566 1586 3636; x_wconf 61' lang='grc' dir='ltr'><strong>θ</strong></span> <span class='ocrx_word' id='word_1_448' title='bbox 1626 3571 1725 3622; x_wconf 84' lang='grc'><strong>104</strong></span> <span class='ocrx_word' id='word_1_449' title='bbox 1765 3572 1854 3619; x_wconf 76' lang='lat' dir='ltr'><strong>ius</strong></span> <span class='ocrx_word' id='word_1_450' title='bbox 1887 3567 2183 3620; x_wconf 78' lang='lat' dir='ltr'><strong>iurandum</strong></span> <span class='ocrx_word' id='word_1_451' title='bbox 2216 3567 2378 3618; x_wconf 70' lang='lat' dir='ltr'><strong>Iovis.</strong></span> 
     </span>
    </p>

    <p class='ocr_par' dir='ltr' id='par_1_20' title="bbox 1550 3633 2586 3842">
     <span class='ocr_line' id='line_1_68' title="bbox 1563 3633 2586 3691; baseline -0.003 -3"><span class='ocrx_word' id='word_1_452' title='bbox 1563 3646 1572 3651; x_wconf 80' lang='grc'><em>·</em></span> <span class='ocrx_word' id='word_1_453' title='bbox 1620 3652 1732 3691; x_wconf 80' lang='lat' dir='ltr'><strong>non</strong></span> <span class='ocrx_word' id='word_1_454' title='bbox 1768 3650 1876 3687; x_wconf 71' lang='lat' dir='ltr'><strong>esse</strong></span> <span class='ocrx_word' id='word_1_455' title='bbox 1908 3653 1964 3687; x_wconf 75' lang='lat' dir='ltr'><strong>so</strong></span> <span class='ocrx_word' id='word_1_456' title='bbox 1996 3641 2313 3687; x_wconf 75' lang='lat' dir='ltr'><strong>senatorem.</strong></span> <span class='ocrx_word' id='word_1_457' title='bbox 2348 3635 2450 3687; x_wconf 73' lang='lat' dir='ltr'><strong>Far</strong></span> <span class='ocrx_word' id='word_1_458' title='bbox 2477 3633 2586 3686; x_wconf 87' lang='lat' dir='ltr'><strong>den·</strong></span> 
     </span>
     <span class='ocr_line' id='line_1_69' title="bbox 1553 3701 2575 3771; baseline -0.004 -13"><span class='ocrx_word' id='word_1_459' title='bbox 1553 3702 1847 3760; x_wconf 51' lang='lat' dir='ltr'><strong>Gedanken.</strong></span> <span class='ocrx_word' id='word_1_460' title='bbox 1866 3704 1972 3771; x_wconf 84' lang='lat' dir='ltr'><strong>vgl.</strong></span> <span class='ocrx_word' id='word_1_461' title='bbox 2008 3704 2134 3757; x_wconf 68' lang='lat' dir='ltr'><strong>Hor:</strong></span> <span class='ocrx_word' id='word_1_462' title='bbox 2154 3718 2306 3755; x_wconf 85' lang='lat' dir='ltr'><strong>carm.</strong></span> <span class='ocrx_word' id='word_1_463' title='bbox 2340 3701 2403 3754; x_wconf 93' lang='lat'><strong>111</strong></span> <span class='ocrx_word' id='word_1_464' title='bbox 2437 3707 2486 3766; x_wconf 85' lang='grc'><strong>5,</strong></span> <span class='ocrx_word' id='word_1_465' title='bbox 2511 3704 2575 3754; x_wconf 84' lang='grc'><strong>41</strong></span> 
     </span>
     <span class='ocr_line' id='line_1_70' title="bbox 1550 3770 2580 3842; baseline -0.004 -18"><span class='ocrx_word' id='word_1_466' title='bbox 1550 3771 1735 3834; x_wconf 73' lang='lat' dir='ltr'><strong>ser-tur</strong></span> <span class='ocrx_word' id='word_1_467' title='bbox 1773 3772 2011 3842; x_wconf 80' lang='lat' dir='ltr'><strong>pudicae</strong></span> <span class='ocrx_word' id='word_1_468' title='bbox 2056 3773 2307 3837; x_wconf 65' lang='lat' dir='ltr'><strong>coniugia</strong></span> <span class='ocrx_word' id='word_1_469' title='bbox 2339 3770 2580 3822; x_wconf 76' lang='lat' dir='ltr'><strong>osculum</strong></span> 
     </span>
    </p>
   </div>
   <div class='ocr_carea' id='block_1_11' title="bbox 1545 3841 2583 3908">
    <p class='ocr_par' dir='ltr' id='par_1_21' title="bbox 1545 3841 2583 3908">
     <span class='ocr_line' id='line_1_71' title="bbox 1545 3841 2583 3908; baseline -0.004 -15"><span class='ocrx_word' id='word_1_470' title='bbox 1545 3854 1853 3908; x_wconf 76' lang='lat' dir='ltr'><strong>parvosque</strong></span> <span class='ocrx_word' id='word_1_471' title='bbox 1886 3845 2043 3892; x_wconf 76' lang='lat' dir='ltr'><strong>natos</strong></span> <span class='ocrx_word' id='word_1_472' title='bbox 2075 3844 2141 3891; x_wconf 78' lang='lat' dir='ltr'><strong>ut</strong></span> <span class='ocrx_word' id='word_1_473' title='bbox 2185 3841 2431 3907; x_wconf 77' lang='lat' dir='ltr'><strong>capitis</strong></span> <span class='ocrx_word' id='word_1_474' title='bbox 2464 3841 2583 3890; x_wconf 79' lang='lat' dir='ltr'><strong>mi-</strong></span> 
     </span>
    </p>
   </div>
   <div class='ocr_carea' id='block_1_12' title="bbox 1553 3911 2583 4045">
    <p class='ocr_par' dir='ltr' id='par_1_22' title="bbox 1553 3911 2583 4045">
     <span class='ocr_line' id='line_1_72' title="bbox 1553 3911 2200 3961; baseline -0.003 0"><span class='ocrx_word' id='word_1_475' title='bbox 1553 3924 1675 3961; x_wconf 80' lang='lat' dir='ltr'><strong>nor</strong></span> <span class='ocrx_word' id='word_1_476' title='bbox 1709 3912 1775 3961; x_wconf 82' lang='lat' dir='ltr'><strong>ab</strong></span> <span class='ocrx_word' id='word_1_477' title='bbox 1810 3925 1867 3961; x_wconf 76' lang='lat' dir='ltr'><strong>ee</strong></span> <span class='ocrx_word' id='word_1_478' title='bbox 1898 3911 2200 3961; x_wconf 73' lang='lat' dir='ltr'><strong>removisse.</strong></span> 
     </span>
     <span class='ocr_line' id='line_1_73' title="bbox 1623 3975 2583 4045; baseline 0 -15"><span class='ocrx_word' id='word_1_479' title='bbox 1623 3979 1705 4030; x_wconf 82' lang='lat'><strong>21.</strong></span> <span class='ocrx_word' id='word_1_480' title='bbox 1732 3979 1887 4044; x_wconf 76' lang='lat' dir='ltr'><strong>Aque</strong></span> <span class='ocrx_word' id='word_1_481' title='bbox 1901 3976 2044 4029; x_wconf 75' lang='lat' dir='ltr'><strong>illud</strong></span> <span class='ocrx_word' id='word_1_482' title='bbox 2056 3980 2217 4029; x_wconf 75' lang='lat' dir='ltr'><strong>etiam</strong></span> <span class='ocrx_word' id='word_1_483' title='bbox 2252 3975 2414 4045; x_wconf 61' lang='lat' dir='ltr'><strong>hinet</strong></span> <span class='ocrx_word' id='word_1_484' title='bbox 2435 3975 2583 4030; x_wconf 72' lang='lat' dir='ltr'><strong>nicht</strong></span> 
     </span>
    </p>
   </div>
  </div>
 </body>
</html>
