2813 4537
232 1027 238 1037 *
268 973 343 1107 Ξῖι
375 1058 447 1118 ad
478 1057 744 1137 singulos
772 1063 1061 1135 spectant,
1099 1056 1378 1134 deinceps
1410 1056 1482 1116 de
1513 1055 1601 1130 iis,
1634 1073 1784 1133 quae
1813 1055 1886 1115 ad
1914 1054 2225 1115 universos
2256 1072 2525 1133 quaeque

385 283 508 346 166

940 286 1024 340 ΒΕ
1062 284 1323 340 OFFICIIS
1360 285 1478 339 LIB.
1495 284 1554 338 11.
1609 284 1752 339 cAP.
1779 287 1860 340 20.
1901 285 1982 339 21.

279 485 291 526 i
377 461 576 522 bonus
624 459 736 521 erit
778 459 884 533 vir,
927 477 1002 520 ne
1044 458 1369 538 impediant
1412 457 1642 519 divitiae
1686 475 1805 536 quo
1841 456 2039 518 minus
2068 457 2319 532 iuvetur,
2348 458 2527 518 modo

379 566 454 607 ne
482 546 775 619 adiuvent,
806 544 999 623 sitque
1033 562 1209 604 omne
1240 542 1521 604 iudicium
1551 562 1694 618 non,
1728 560 1905 621 quam
1932 542 2215 622 locupleS‚
2247 543 2349 604 sed
2380 561 2526 621 qua-

376 631 449 693 lis
490 630 739 710 quisque
784 629 887 692 sit1
932 628 1279 704 Extremum
1312 636 1511 689 autem
1540 635 1923 708 praeceptum
1951 627 2014 688 in
2045 627 2350 689 beneficiis
2381 646 2527 708 ope-

377 734 560 796 raque
588 716 809 791 danda,
852 733 929 775 ne
960 714 1102 793 quid
1129 721 1337 775 contra
1366 714 1721 792 aequitatem
1751 714 2095 788 contendas,
2135 732 2211 774 ne
2244 712 2383 792 quid
2413 732 2523 792 pro

378 800 609 863 iniuria.
681 800 1157 862 Fundamentum
1199 799 1359 860 enim
1403 807 1493 860 est
1533 806 1855 878 perpetuae
1896 798 2428 860 commendationis
2468 806 2528 860 et
2556 807 2586 857 5

376 887 563 948 famae
593 885 831 959 iustitia,
856 886 990 946 sine
1021 903 1137 964 qua
1167 884 1315 945 nihil
1344 891 1540 964 potest
1570 902 1698 945 esse
1729 883 2035 946 laudabile.

549 972 665 1033 Sed
707 970 986 1050 quoniam
1025 970 1099 1031 de
1141 989 1212 1031 eo
1256 988 1473 1050 genere
1515 969 1941 1030 beneficiorum
1970 969 2193 1030 dictum
2223 977 2331 1044 est,
2375 987 2526 1049 quae

374 1144 444 1204 ad
488 1162 614 1203 rem
656 1141 953 1221 publicam
982 1140 1304 1219 pertinent,
1336 1140 1754 1220 disputandum
1785 1147 1890 1201 est.
1943 1139 2174 1200 Eorum
2205 1148 2403 1201 autem
2432 1140 2522 1219 ip-

288 1242 301 1262 ·
373 1246 577 1289 sorum
620 1226 836 1306 partim
880 1226 1006 1286 eius
1046 1225 1205 1286 modi
1245 1232 1402 1298 sunt,
1444 1233 1511 1287 ut
1540 1226 1614 1286 ad
1643 1223 1951 1286 universos
1981 1224 2136 1286 cives
2167 1225 2525 1304 pertineant,
2571 1231 2630 1283 10

372 1312 604 1392 partim,
647 1312 916 1391 singulos
945 1318 1012 1372 ut
1041 1311 1354 1391 attingant,
1399 1329 1550 1390 quae
1591 1319 1732 1372 sunt
1776 1309 1952 1371 etiam
1987 1310 2261 1389 gratiora.
2321 1311 2524 1372 Danda

373 1416 553 1477 opera
596 1404 686 1458 est
729 1397 996 1472 omnino,
1039 1396 1089 1457 si
1119 1396 1323 1475 possit,
1365 1395 1652 1475 utrisque,
1695 1414 1808 1458 nec
1837 1395 2054 1470 minus,
2098 1404 2165 1457 ut
2194 1395 2369 1456 etiam
2399 1395 2523 1457 sin-

373 1581 578 1633 absolut
629 1580 683 1632 in
737 1580 851 1632 dem
896 1578 1053 1632 Sinne
1105 1579 1265 1633 ‘seine
1300 1579 1398 1631 Be-

373 1648 626 1702 dt'irfnisse
660 1649 982 1709 bestreiten’;
1022 1648 1084 1700 de
1120 1663 1217 1701 am.
1256 1651 1304 1713 6,
1331 1650 1396 1701 22

373 1723 577 1769 ceterae
610 1734 712 1783 res,
747 1733 884 1782 quae
919 1722 1261 1782 expetuntur,
1306 1731 1396 1782 op—

362 1790 638 1851 portunae
665 1790 796 1837 sunt
819 1785 1072 1850 singulae
1097 1787 1254 1836 rebus
1280 1783 1397 1845 fere

369 1854 618 1920 singuliS,
646 1854 884 1919 divitiae,
912 1858 977 1904 ut
1002 1858 1160 1904 utare
1178 1853 1248 1918 (d.
1267 1853 1299 1904 i.
1326 1852 1400 1904 ad

369 1921 1397 2051 ἶέῗΡῑᾶἱΓΞῖῖθῧάἕἝρ,Ἕῖῗαῖἱῗῖῗῗ

371 2061 515 2110 cium
565 2057 736 2120 facies
796 2030 956 2124 atq'ue
1009 2060 1135 2109 huic
1186 2057 1399 2123 aliquid

361 2128 592 2194 paulum
622 2142 758 2192 prae
789 2141 954 2177 manu
987 2126 1196 2177 dederis
1203 2163 1219 2191 ,
1253 2125 1396 2175 unde

368 2199 578 2247 utatur.
635 2193 736 2246 Das
772 2209 888 2246 zum
922 2192 1162 2258 Adjectiv
1197 2208 1396 2260 gewor-

370 2262 502 2315 dene
554 2260 778 2330 Particip
832 2262 1078 2315 bedentet
1138 2260 1248 2315 also
1308 2262 1394 2313 ‘im

371 2330 564 2383 Stande
591 2330 851 2383 Aufwand
885 2347 950 2383 zu
983 2331 1229 2384 machen'.
1274 2329 1393 2397 Vgl.

371 2399 436 2452 de
454 2415 562 2453 sen.
585 2403 632 2465 8,
653 2402 719 2452 26
740 2401 837 2451 sed
864 2401 1056 2451 videtis
1071 2404 1135 2450 ut
1154 2403 1398 2450 senectus

370 2496 414 2505 —-
439 2471 513 2518 sit
531 2483 756 2534 operosa
782 2473 836 2519 et
864 2484 1070 2535 semper
1105 2483 1270 2533 agens
1293 2467 1396 2518 ali-

371 2537 504 2602 quid
538 2541 591 2586 et
623 2537 850 2589 moliens
882 2538 968 2602 (zu
997 2536 1125 2588 thun
1150 2535 1396 2603 geneigt).

369 2604 501 2658 Gen.
522 2603 568 2654 V
589 2606 638 2669 9,
659 2609 687 2656 5
715 2621 836 2656 eum
859 2611 1020 2656 antea
1043 2619 1154 2655 non
1178 2605 1398 2670 loquens

369 2673 535 2739 (fahig
552 2688 616 2725 zu
635 2673 906 2740 sprechen)
928 2671 1135 2737 fuisset,
1161 2674 1225 2723 ob
1248 2675 1397 2723 simi-

371 2742 470 2792 lem
494 2741 700 2792 dicitur
723 2757 939 2793 causam
974 2741 1122 2806 loqui
1147 2744 1396 2807 coepisse.

368 2808 693 2875 Nagelshach
727 2809 815 2860 lat.
854 2807 969 2861 Stil.
1005 2808 1038 2875 ξ
1066 2811 1189 2861 72c.
1238 2814 1394 2859 uten-

371 2880 479 2928 tior
528 2875 727 2928 kommt
777 2875 951 2928 indess
1004 2893 1099 2928 nur
1149 2876 1259 2927 hier
1307 2876 1393 2928 bei

368 2943 470 2997 Cic.
506 2960 630 3007 vor,
687 2943 791 3010 vgl.
821 2942 1015 3009 jedoch
1046 2947 1331 3008 parentior
1372 2943 1394 2996 1

370 3013 402 3078 ξ
421 3016 449 3062 7
456 3016 503 3064 6.
525 3011 738 3064 Lambin
754 3012 845 3064 hat
862 3011 1075 3064 deshalb
1089 3012 1394 3078 opulentior

371 3079 677 3133 vermuthet.

438 3151 485 3201 2.
520 3150 595 3198 sit
627 3163 781 3199 omne
803 3148 1085 3213 iudicium,
1123 3147 1205 3200 die
1229 3163 1390 3214 ganze

368 3215 752 3283 Entscheidung
763 3219 915 3283 moge
925 3216 1093 3268 davon
1106 3216 1392 3283 abhangen.

439 3288 486 3339 3.
526 3285 847 3336 Extremum
881 3310 948 3330 ι-
981 3301 1259 3336 summum.

437 3356 484 3404 7.
532 3351 700 3405 Ueber
736 3352 835 3405 den
870 3353 1313 3419 zusammenhang
1348 3367 1390 3408 S.

370 3437 412 3473 z.
434 3436 481 3474 c.
503 3425 583 3473 15.
619 3421 693 3472 ad
721 3425 998 3472 universos
1034 3422 1172 3473 steht
1207 3436 1391 3487 wegen

370 3488 462 3542 des
506 3488 765 3545 scharfern
812 3489 1159 3555 Gegensatzes
1208 3505 1272 3541 zu
1320 3490 1394 3540 ad

367 3558 611 3623 singulos
627 3557 733 3610 und
746 3556 875 3609 wird
889 3557 1048 3609 durch
1064 3573 1305 3623 quaeque
1320 3558 1395 3608 ad

367 3643 482 3678 rem
509 3625 785 3692 publicam
814 3628 1093 3692 pertinent
1131 3625 1393 3679 erlfiutert.

438 3696 487 3748 9.
524 3695 729 3746 Eorum
762 3698 941 3745 autem
971 3693 1123 3747 nami.
1162 3709 1300 3759 quae
1322 3693 1396 3744 ad

368 3777 482 3812 rem
498 3762 772 3828 publicam
787 3765 1079 3829 pertinent.
1101 3767 1167 3813 ut
1183 3762 1258 3814 ad
1271 3764 1395 3813 uni-

367 3835 1279 3964 zasszztsszzcffifwaeffierze
1297 3845 1397 3954 '51²2

369 3965 742 4019 Gesammtheit
762 3966 1041 4032 beziehen’‚
1064 3966 1311 4033 singulos
1331 3971 1396 4018 ut

1499 1582 1781 1645 attingant
1807 1578 1907 1631 ‘die
1930 1579 2198 1631 einzelnen
2217 1578 2523 1632 mittreffen’.

1498 1647 1594 1699 Ein
1644 1648 1958 1711 beneficium
1993 1648 2069 1699 ad
2110 1664 2223 1699 rem
2254 1647 2525 1713 publicam

1496 1721 1636 1782 pert.
1672 1716 1742 1769 ist
1764 1716 1847 1769 fiir
1881 1715 1980 1768 den
2006 1716 2193 1769 Romer
2227 1714 2310 1767 die
2335 1714 2527 1767 Ueher·

1499 1784 1684 1836 nahme
1695 1783 1847 1849 jedes
1867 1783 2223 1850 StaatsamteS‚
2251 1783 2314 1836 da
2334 1799 2390 1836 es
2410 1784 2524 1836 eine

1499 1852 1745 1918 Leistung
1792 1852 1926 1906 ohne
1972 1851 2394 1919 Entschiidigung
2438 1851 2524 1906 ist.

1498 1920 1671 1972 Hierin
1706 1921 1845 1972 kann
1866 1920 2115 1987 vzugleieh
2151 1921 2265 1973 eine
2295 1919 2394 1972 den
2419 1920 2526 1972 ein-

1498 1989 1682 2041 zelnen
1728 1983 2071 2041 mittreffende
2117 1987 2389 2042 Wohlthat
2433 1988 2527 2040 lie-

1497 2056 1955 2191 {fflsszffle
1981 2055 2526 2177 ‘hegnFEffllssffieffll

1497 2192 1818 2260 leiehterung
1874 2192 1963 2245 der
2016 2192 2356 2246 Staatslasten
2411 2208 2525 2245 ver-

1498 2260 1699 2328 schafft,
1719 2260 1843 2314 oder
1859 2260 1949 2314 der
1961 2259 2174 2316 Praetor
2192 2260 2526 2315 beimRecht·

1498 2330 1748 2397 sprechen
1784 2330 1898 2382 dem
1936 2330 2203 2383 einzelnen
2240 2346 2304 2383 zu
2330 2330 2523 2383 seinem

1499 2399 1694 2451 Rechte
1729 2398 1955 2465 verhilft,
1992 2402 2033 2452 s.
2071 2399 2105 2466 ξ
2127 2402 2207 2453 85.
2264 2398 2525 2451 Nachdem

1500 2468 1603 2519 Cic.
1639 2467 1784 2519 mehr
1832 2467 1902 2518 im
1947 2467 2287 2533 allgemeinen
2358 2469 2524 2534 ezeigt

1497 2536 1617 2599 hat,
1672 2550 1780 2587 was
1816 2535 1905 2587 der
1938 2534 2141 2587 Nutzen
2190 2535 2282 2587 des
2358 2539 2524 2588 taates

1499 2602 1604 2655 und
1640 2603 1729 2655 der
1763 2602 2030 2655 einzelnen
2067 2602 2266 2656 fordere
2301 2632 2346 2640 -
2382 2603 2415 2670 ξ
2441 2606 2523 2668 74,

1498 2672 1695 2739 spricht
1728 2687 1783 2723 er
1816 2686 1920 2723 von
1955 2671 2119 2723 denen
2135 2711 2150 2737 ‚
2197 2671 2396 2724 welche
2441 2671 2522 2723 die

1499 2738 1662 2807 Sorge
1712 2739 1801 2819 ffi‘.
1839 2739 1923 2791 die
1965 2739 2367 2820 Mlgemeinheit
2410 2755 2524 2791 ver-

1496 2823 1759 2929 ῗιῖἶῗὲἓιίι
1786 2807 2523 2929 ἑῗέιῗῗωθὲἳεὲῗὲἷὲῗέἱὴέῗέ

1496 2945 1550 3012 (5
1564 2948 1593 2995 7
1600 2947 1708 2998 5-7
1716 2944 1765 3007 7)
1786 2943 1907 2996 oder
1928 2944 2085 2996 durch
2104 2944 2319 2997 liberale
2332 2944 2524 2997 Acker-

1496 3017 1703 3078 gesetze
1719 3010 1772 3079 (ᾗ
1786 3015 1811 3063 7
1820 3014 1851 3064 8
1864 3040 1891 3048 -
1901 3013 1986 3076 83)
2002 3012 2106 3064 und
2119 3011 2518 3079 Schuldgesetz'e

1495 3081 1550 3148 (5
1577 3081 1662 3144 84)
1700 3079 1782 3132 die
1817 3079 1984 3132 Gunst
2018 3078 2107 3132 der
2142 3081 2408 3133 einzelnen
2443 3095 2521 3131 er·

1496 3148 1703 3201 strehen
1737 3146 1842 3200 und
1878 3147 1970 3200 das
2005 3147 2162 3201 Wohl
2196 3148 2286 3202 des
2313 3148 2520 3200 Ganzen

1495 3215 1961 3281 vernachlassigen.

1494 3352 1530 3419 ς
1569 3287 1647 3339 10.
1714 3286 1951 3351 partim.-
2011 3283 2234 3352 Seyffert
2287 3284 2376 3337 lat.
2438 3283 2520 3337 Gr.

1570 3355 1665 3406 145
1686 3367 1731 3405 e.

1569 3422 1647 3476 12.
1658 3423 1920 3486 utrisque,
1939 3420 2092 3473 n'aml.
2110 3426 2177 3471 ut
2190 3420 2520 3485 consulatur,

1495 3503 1604 3541 was
1625 3504 1717 3541 aus
1737 3487 1852 3540 dem
1870 3488 2167 3556 Folgenden
2185 3504 2249 3540 zu
2268 3489 2520 3554 ergfinzen

1494 3557 1577 3610 ist.
1648 3555 1810 3609 Unter
1858 3559 2080 3623 utrique
2126 3555 2242 3609 sind
2283 3557 2523 3606 universi

1493 3624 1601 3678 und
1622 3626 1833 3691 singuli
1865 3640 1930 3677 zu
1964 3625 2253 3677 verstehen.
2302 3622 2402 3677 Der
2422 3622 2523 3676 Ge-

1496 3692 1664 3746 danke
1686 3693 1757 3746 ist
1780 3693 1916 3745 also:
1943 3692 2025 3745 die
2050 3691 2520 3762 hauptsfichlichste

1496 3760 1660 3828 Sorge
1694 3760 1797 3814 soll
1833 3761 1924 3813 auf
1955 3760 2048 3813 das
2072 3762 2265 3828 gehen,
2301 3776 2411 3813 was
2435 3772 2522 3812 zu·

1496 3830 1665 3896 gleich
1684 3828 1799 3882 dem
1816 3828 1993 3881 Staate
2011 3828 2116 3881 und
2136 3829 2234 3882 den
2254 3829 2522 3882 einzelnen

1495 3897 1726 3950 niitzlieh
1757 3899 1856 3962 ist,
1906 3896 2208 3950 demnachst
2252 3897 2375 3950 aber
2421 3896 2520 3949 soll

1496 3981 1616 4018 man
1649 3966 1781 4019 auch
1816 3967 1940 4028 (noc
1965 3968 2167 4030 minas)
2203 3965 2286 4018 fiir
2309 3965 2391 4017 die
2416 3964 2523 4016 ein·
