2813 4537
848 273 853 277 ’
917 293 1002 349 1)ss
1041 295 1304 349 omens
1339 282 1462 362 1113?
1494 294 1551 349 11.
1623 294 1764 349 cAP.
1791 300 1842 351 τ.

2327 293 2449 354 135

297 479 428 542 tuo,
472 465 747 531 interitus
775 468 1029 531 declarat
1074 479 1362 550 quantum
1409 469 1609 529 odium
1650 469 1963 531 hominum
2006 467 2192 531 valeat
2234 469 2307 531 ad
2349 487 2455 549 pe-

303 567 473 627 stem,
516 555 618 616 sed
660 554 1025 635 reliquorum
1057 554 1278 616 similes
1316 543 1958 634 exitus'tyranfiorum,
2002 573 2254 635 quorum
2299 554 2456 616 haud

303 641 429 701 fere
471 639 781 720 quisquam
824 640 997 705 talem
1045 639 1351 701 interitum
1388 639 1613 717 effugit.
1687 639 1877 701 Malus
1922 641 2079 701 enim
2125 650 2211 701 est
2256 648 2456 702 custos

304 725 707 786 diuturnitatis
747 733 958 798 metus,
1002 735 1326 805 contraque
1364 723 1770 786 benevolentia
1801 724 1990 786 fidelis
2018 725 2107 786 vel
2137 726 2206 786 ad
2241 743 2454 805 perpe·

239 817 277 868 5
304 809 591 871 tuitatem.
652 809 766 871 Sed
799 810 890 880 iis,
921 810 1023 891 qui
1053 809 1106 871 vi
1138 826 1456 891 oppressos
1479 809 1729 890 imperio
1756 818 2053 883 coercent,
2084 810 2160 871 sit
2189 828 2331 871 sane
2354 809 2456 871 ad-

305 893 560 956 hibenda
591 894 850 968 saevitia,
881 907 947 955 ut
974 895 1132 957 heris
1156 896 1213 955 in
1241 894 1514 968 famulos,
1546 895 1593 956 si
1618 895 1787 955 aliter
1807 895 1997 956 teneri
2023 913 2144 955 non
2168 903 2451 975 possunt:

306 979 409 1059 qui
436 998 575 1041 vero
605 980 669 1040 in
700 979 885 1040 libera
916 980 1144 1042 civitate
1173 981 1250 1041 ita
1281 998 1344 1040 se
1366 979 1697 1053 instruunt,
1729 989 1794 1042 ut
1822 988 2181 1055 metuantur,
2210 979 2283 1041 iis
2306 979 2456 1040 nihil

306 1072 503 1144 potest
530 1083 661 1126 esse
695 1063 1044 1126 dementius
1118 1063 1393 1136 Quamvis
1437 1065 1595 1126 enim
1639 1067 1761 1126 sint
1804 1065 2102 1126 demersae
2144 1065 2306 1143 leges
2349 1064 2455 1125 ali-

306 1149 478 1210 cuius
506 1149 743 1229 opibus,
794 1150 1058 1231 quamvis
1101 1150 1395 1212 timefacta
1441 1150 1699 1224 libertas,
1746 1159 2053 1229 emergunt
2084 1159 2279 1212 tamen
2310 1151 2456 1211 haec

202 1233 620 1326 &aliquando
665 1243 765 1296 aut
801 1235 1035 1297 iudiciis
1077 1235 1270 1297 tacitis
1313 1243 1416 1298 aut
1460 1235 1710 1296 occultis
1752 1235 1825 1296 de
1867 1237 2096 1296 honore
2138 1235 2452 1313 suffragiis.

163 1303 241 1358 ἐ»
306 1319 579 1381 Acriores
605 1329 803 1381 autem
832 1338 1065 1382 morsus
1095 1329 1234 1383 sunt
1262 1321 1633 1382 intermissae
1662 1320 1946 1380 libertatis
1973 1338 2147 1399 quam
2171 1328 2453 1384 retentae.

305 1403 476 1475 Quod
520 1405 702 1483 igitur
743 1405 1022 1467 latissime
1066 1414 1227 1486 patet
1266 1423 1464 1486 neque
1498 1406 1568 1466 ad
1601 1404 2066 1467 incolumitatem
2098 1405 2311 1480 solum,
2354 1404 2457 1466 sed

306 1489 479 1554 etiam
509 1490 578 1550 ad
613 1508 760 1570 opes
790 1500 847 1552 et
875 1491 1198 1572 potentiam
1229 1491 1380 1554 valet
1417 1491 1759 1572 plurimum,
1803 1490 1862 1551 id
1905 1490 2348 1571 amplectamur,
2391 1497 2458 1550 ut

304 1583 496 1635 metus
539 1575 710 1648 absit,
755 1577 966 1637 caritas
1006 1576 1350 1637 retineatur.
1439 1576 1523 1637 Ita
1568 1575 1843 1636 facillime
1896 1594 2045 1656 quae
2088 1576 2352 1637 volemus
2397 1582 2457 1636 et

307 1659 545 1737 privatis
573 1660 635 1719 in
669 1660 847 1721 rebus
875 1671 934 1720 et
965 1661 1023 1721 in
1054 1679 1123 1722 re
1159 1661 1397 1741 publica
1440 1678 1895 1740 consequemur.
1970 1661 2203 1721 Etenim
2248 1661 2350 1741 qui
2393 1678 2457 1721 se

304 1745 486 1805 metui
515 1744 738 1816 volent,
778 1763 809 1806 a
843 1745 1059 1825 quibus
1085 1754 1447 1819 metuentur,
1491 1746 1727 1806 eosdem
1768 1752 2034 1805 metuant
2070 1745 2184 1825 ipsi
2212 1762 2455 1806 necesse

305 1838 412 1890 est.
458 1827 612 1899 Quid
643 1830 802 1891 enim
833 1848 1145 1892 censemus
1173 1831 1542 1912 superiorem
1571 1829 1737 1890 illum
1768 1829 2134 1909 Dionysium,
2165 1848 2285 1911 quo
2317 1846 2453 1891 cru-

305 1993 374 2047 ist
409 1994 673 2047 entweder
705 1996 775 2047 im
805 1994 1078 2063 Vergleich
1113 1997 1207 2049 mit
1241 2012 1330 2048 an-

306 2062 428 2114 dern
451 2063 628 2116 Zeiten
666 2065 861 2129 ‘Jetzt
895 2065 1068 2118 mehr
1103 2065 1201 2117 als
1230 2067 1328 2130 je',

302 2145 363 2182 so
397 2131 508 2184 hier
539 2131 641 2184 und
680 2148 728 2200 p.
768 2133 964 2185 Cluent.
1003 2138 1050 2195 5,
1092 2136 1152 2186 12
1192 2149 1330 2200 quae

300 2199 499 2251 mullos
540 2203 651 2251 iam
697 2217 869 2252 annos
913 2207 966 2252 et
1010 2217 1175 2273 nuno*
1207 2216 1328 2252 cum

303 2272 540 2319 maxime
572 2270 748 2331 filium
780 2270 1126 2332 interfectum
1151 2274 1329 2336 cupit,-

304 2335 431 2387 oder
447 2335 913 2402 ‘gei-adejetzt’,
933 2336 1149 2390 Verr.1V
1167 2341 1325 2404 38,82

301 2407 400 2469 qui
452 2419 573 2454 cum
623 2420 710 2455 res
763 2409 1033 2456 maximas
1084 2409 1331 2470 gesserit,

300 2476 756 2538 monumentaque
787 2488 1009 2524 marum
1032 2489 1217 2523 rerum
1232 2486 1330 2538 ge-

296 2545 512 2591 starum
540 2556 661 2591 oum
679 2544 916 2592 maa-ime
932 2544 1242 2591 constituat.
1261 2569 1328 2579 —

302 2607 376 2660 lm
422 2611 470 2662 2.
508 2607 631 2660 Satz
674 2613 937 2675 paretque
982 2613 1081 2659 cet.
1128 2608 1198 2660 ist
1239 2607 1329 2661 der

302 2676 630 2729 relativische
680 2676 964 2728 Anschluss
1029 2675 1187 2727 fallen
1242 2690 1330 2742 ge-

301 2743 492 2811 lassen,
528 2745 629 2797 wie
655 2744 689 2810 ξ
715 2746 776 2796 12
813 2759 950 2809 qnae
982 2759 1080 2795 mc
1113 2745 1331 2795 habore-

299 2828 419 2864 πω
439 2842 475 2850 -
497 2828 598 2863 nec
630 2816 702 2862 iic
732 2816 1023 2863 ittet-amur.
1070 2810 1329 2864 Antonius

298 2885 468 2932 setzte
502 2880 588 2931 hei
623 2878 738 2932 dem
769 2878 959 2932 Senate
995 2879 1170 2943 durch,
1207 2879 1328 2931 dass

299 2947 405 3000 alle
439 2947 824 3014 Anordnnngen
860 2948 1086 3015 Caesare,
1123 2947 1326 3001 sowohl

300 3015 385 3068 die
433 3016 593 3069 sehon
628 3015 1074 3069 veroffentlichten
1128 3017 1206 3069 als
1242 3016 1325 3068 die

301 3083 413 3137 sich
436 3085 569 3137 noch
593 3084 648 3136 in
672 3084 848 3136 seinen
879 3084 1126 3153 Papieren
1152 3083 1326 3137 finden

301 3150 545 3217 wurden,
613 3152 754 3205 volle
813 3152 1100 3220 Gssltigkeit
1156 3154 1325 3205 haben

299 3220 519 3284 sollten,
571 3220 675 3273 und
709 3221 955 3274 benutzte
1002 3221 1137 3286 dies,
1190 3220 1326 3273 viele

300 3286 487 3353 eigene
504 3286 718 3341 Besehle
737 3288 815 3340 als
833 3294 956 3339 acta
974 3289 1216 3341 Caesaris
1233 3305 1328 3341 un-

303 3354 691 3408 terzuschieben
723 3359 786 3421 (s.
811 3355 964 3408 Peter
989 3360 1116 3410 rom.
1143 3357 1325 3410 Gesch.

300 3423 343 3475 11
378 3426 567 3490 p.407.
602 3427 740 3481 412».
810 3423 996 3477 Durum
1032 3424 1162 3476 wird
1196 3425 1327 3477 auch

300 3493 343 3557 ᾇ
373 3494 439 3545 84
467 3491 662 3544 ⁴Caesar
695 3507 842 3545 nunc
875 3495 1050 3544 victor
1121 3497 1325 3545 enannt.

372 3562 419 3613 3.
457 3560 621 3611 talem
640 3563 955 3611 interitum:
978 3562 1096 3613 nam
1120 3558 1202 3612 ich
1228 3558 1328 3613 den

302 3626 603 3695 Untergang
637 3627 796 3680 durch
831 3629 922 3682 das
948 3630 1079 3682 nach
1104 3628 1331 3681 Freiheit

297 3695 575 3748 strebemle
611 3695 765 3750 Volk.

372 3766 422 3817 4.
482 3764 852 3816 diatumitau
914 3763 1198 3818 dauernder
1232 3762 1331 3816 Be·

297 3830 429 3890 sitm
466 3830 534 3884 de
551 3832 667 3899 lege
686 3848 793 3899 agr.
812 3833 940 3898 1112,
961 3836 991 3885 8
1012 3837 1062 3884 ei
1083 3836 1180 3884 isti
1202 3835 1332 3898 agri

293 3903 513 3966 partem
561 3901 802 3969 aliquam
853 3904 1019 3965 iam,
1086 3901 1329 3966 aliquam

301 3995 351 4007 -
366 3982 513 4034 spem
549 3968 929 4020 diutumitatie
961 3971 1257 4034 attingunt.

1500 1999 1549 2050 9.
1602 1996 1847 2062 libertas,
1881 1995 2275 2060 Freiheitssinn‚
2326 2010 2368 2048 s.
2409 2010 2452 2049 z.

1483 2067 1580 2187 ἕω.
1641 2133 1863 2183 iudiciis
1898 2134 2109 2182 tacitis:
2157 2130 2329 2182 indem
2364 2129 2455 2182 das

1429 2200 1565 2253 Volk
1602 2200 1695 2252 das
1733 2200 1939 2252 fibliche
1970 2198 2455 2251 Beifallsklatscben

1429 2285 1473 2323 z.
1501 2268 1560 2320 B.
1597 2270 1733 2321 beim
1768 2268 1979 2320 Eintritt
2014 2267 2104 2320 der
2123 2266 2458 2320 Machthaber

1429 2337 1481 2389 in
1501 2336 1593 2389 das
1605 2337 1829 2390 Tbeater
1847 2337 2138 2401 unterlieSS,
2158 2336 2282 2389 oder
2298 2335 2456 2388 hoch-

1430 2404 1670 2470 gestellte
1705 2403 1916 2456 Manner
1950 2405 2060 2456 sich
2101 2419 2220 2456 vom
2258 2402 2455 2456 Staats-

1429 2472 1580 2524 leben
1607 2472 1983 2535 zurtickzoszen,
2009 2471 2264 2524 oder-sich
2290 2472 2454 2523 selbst

1430 2540 1572 2592 nicht
1616 2539 2053 2603 verheiratheten,
2102 2555 2188 2591 um
2234 2540 2313 2590 ihr
2357 2539 2454 2591 Ge·

1430 2607 1664 2659 schlecht
1699 2607 1998 2659 aussterben
2036 2621 2101 2658 zu
2135 2607 2323 2658 lassen.

1499 2675 1728 2726 occultis
1778 2675 1842 2725 de
1890 2676 2092 2725 honoro
2138 2676 2456 2740 mai-agiis.-

1431 2741 1574 2795 Suet.
1630 2743 1733 2796 div.
1783 2742 1877 2796 Iul.
1934 2744 1997 2794 80
2050 2747 2177 2808 post
2223 2746 2458 2794 remotos

1434 2811 1733 2863 Caesetium
1780 2816 1833 2861 et
1868 2809 2161 2862 Marullum
2209 2812 2455 2865 tm‘bunoe

1430 2884 1645 2946 reperta
1701 2884 1830 2930 sunt
1890 2882 2162 2945 prooeimis
2219 2882 2456 2931 comitiis

1430 2948 1706 3014 complura
1748 2948 2018 3013 suffragia
2078 2948 2318 2999 consules
2365 2964 2454 2999 eos

1430 3016 1836 3069 declarantium.

1502 3088 1581 3138 11.
1615 3098 1842 3149 morsus,
1864 3083 1975 3136 hier
1997 3084 2088 3138 der
2109 3082 2451 3136 Widerstand.

1427 3151 1580 3205 Meist
1596 3152 1899 3204 bezeichnet
1924 3166 1980 3205 es
2012 3153 2066 3204 in
2089 3152 2454 3217 fibertragener

1426 3220 1734 3287 Bedeutung
1768 3220 2026 3284 subjectiv
2050 3220 2132 3272 die
2157 3218 2453 3285 Krfinkung‚

1429 3304 1488 3341 so
1523 3303 1734 3340 mortus
1770 3304 2043 3340 curarum.

1501 3359 1579 3409 17.
1619 3356 1765 3420 Quid
1783 3385 1824 3394 -
1846 3372 2129 3421 censemus,

1430 3423 1570 3477 diese
1606 3424 1756 3476 Form
1799 3423 1891 3478 des
1926 3423 2317 3491 Ueberganges‚
2370 3422 2453 3475 die

1429 3489 1606 3559 haufig
1640 3492 1755 3543 eine
1791 3491 2100 3560 Steigerung
2135 3491 2362 3555 cathan,
2410 3506 2451 3545 ε.

1431 3559 1656 3628 Seyffert
1690 3560 1851 3614 schol.
1888 3562 1994 3614 Lat.
2031 3560 2052 3612 1
2086 3577 2135 3629 p.
2174 3563 2256 3613 46.

1499 3629 1798 3696 Dionysius
1810 3627 1898 3681 der
1906 3628 2113 3681 Aeltere
2125 3626 2454 3680 beherrschte

1433 3694 1665 3764 Syrakus
1701 3712 1802 3749 von
1840 3699 2129 3751 ‹too-367.
2215 3694 2454 3748 Dieselbe

1430 3764 1703 3817 Anekdote
1721 3764 1823 3816 wie
1841 3764 1951 3817 hier
1968 3764 2164 3817 erzfihlt
2183 3763 2285 3816 Cic.
2299 3762 2453 3818 Tusc.

1433 3830 1478 3881 V
1514 3834 1610 3896 20,
1646 3835 1729 3886 58.
1800 3831 1971 3885 Valet.
2007 3831 2141 3885 Max.
2188 3830 2255 3883 tx
2297 3834 2382 3897 13,
2420 3834 2453 3885 4

1431 3899 1525 3951 mit
1572 3898 1689 3951 dem
1742 3898 1957 3952 Zusatze
2038 3900 2157 3953 dass
2208 3915 2263 3952 er
2310 3899 2452 3951 seine

1431 3966 1657 4020 Tochter
1701 3983 1766 4018 zu
1813 3967 1928 4019 dem
1963 3940 2172 4020 bienste
2211 3968 2317 4018 ihm
2353 3965 2454 4017 den

2155 3371 2260 3422 quo
2272 3373 2291 3405 .·
2325 3354 2454 3407 iiber

2500 821 2558 872 24
