2813 4537
376 1065 413 1120 2

447 288 567 351 180

1009 289 1095 342 DE
1131 287 1394 343 omnus
1429 287 1548 341 LIB.
1573 287 1650 342 ΙΙΙ.
1722 287 1864 339 CAP.
1895 290 1939 342 1.
1974 290 2023 341 2.

418 462 778 549 ‘solitudinis
825 480 1044 524 munus
1096 471 1312 525 exstat:
1362 480 1435 523 ex
1486 480 1606 541 quo
1658 460 1919 539 intellegi
1961 461 2137 522 debet
2179 460 2346 522 illum
2373 459 2594 522 mentis

441 549 759 628 agitatione
787 547 1355 628 investigationeque
1396 565 1602 608 earum
1627 564 1830 607 rerum
1848 592 1863 621 ,
1908 565 2055 626 quas
2098 545 2412 626 cogitando
2441 565 2593 607 con-

443 634 829 713 sequebatur,
861 652 973 695 nec
1004 634 1262 696 otiosum
1292 651 1408 694 nec
1435 631 1629 694 solum
1652 649 1933 711 umquam
1961 631 2162 693 fuisse.
2220 632 2344 693 Nos
2372 639 2589 707 autem,

445 720 546 799 qui
577 738 700 780 non
732 726 965 780 tantum
992 719 1227 781 roboris
1255 718 1542 779 habemus
1558 764 1574 793 ,
1618 724 1685 778 ut
1725 716 2087 796 cogitatione
2115 717 2293 778 tacita
2321 735 2357 777 a
2383 716 2592 778 solitu·-

442 805 580 865 dine
609 804 1045 880 abstrahamur,
1077 806 1148 865 ad
1177 805 1332 865 hanc
1373 802 1673 865 scribendi
1704 820 1948 882 operam
1976 820 2154 863 omne
2196 802 2457 864 studium
2486 821 2595 864 cu·
2639 810 2672 862 5

442 908 687 970 ramque
726 890 1144 951 convertimus.
1214 888 1420 969 Itaque
1464 887 1639 968 plura
1677 887 1843 948 brevi
1882 896 2154 967 tempore
2183 907 2383 950 eversa
2414 905 2591 967 quam

442 975 645 1037 multis
674 975 846 1036 annis
873 982 1071 1036 stante
1095 993 1161 1035 re
1188 974 1428 1054 publica
1453 972 1818 1053 scripsimus,

621 1060 739 1121 Sed
768 1079 905 1121 cum
933 1067 1058 1121 tota
1085 1060 1489 1140 philosophia,
1519 1058 1602 1120 mi
1632 1057 1856 1131 Cicero,
1888 1058 2169 1138 frugifera
2200 1065 2259 1118 et
2288 1058 2594 1119 fructuosa

370 1149 399 1199 5
446 1164 558 1206 nec
597 1145 716 1205 ulla
756 1163 895 1224 pars
936 1144 1064 1207 eius
1104 1145 1330 1207 inculta
1368 1164 1437 1206 ac
1467 1144 1699 1205 deserta
1727 1143 1830 1217 sit,
1860 1151 1988 1205 tum
2019 1143 2218 1204 nullus
2248 1142 2498 1204 feracior
2526 1143 2588 1205 in

445 1247 513 1291 ea
552 1230 721 1291 locus
764 1238 855 1291 est
895 1249 1008 1291 nec
1052 1230 1295 1291 uberior
1336 1248 1515 1309 quam
1555 1230 1626 1290 de
1657 1228 1896 1304 officiis,
1940 1246 1976 1288 a
2005 1227 2221 1308 quibus
2249 1235 2597 1290 constanter
2645 1235 2706 1291 1⁰

441 1315 811 1394 honesteque
853 1315 1081 1376 vivendi
1113 1324 1441 1414 praecepta
1483 1315 1803 1376 ducuntur.
1876 1313 2007 1385 Qua
2049 1332 2116 1375 re
2161 1332 2518 1394 quamquam
2557 1332 2594 1375 a

445 1399 725 1481 Cratippo
757 1408 992 1476 nostro,
1036 1401 1308 1481 principe
1336 1401 1514 1462 huius
1541 1399 1861 1461 memoriae
1889 1398 2415 1479 philosophorum,
2445 1400 2594 1460 haec

443 1494 504 1547 te
532 1485 763 1547 assidue
793 1485 996 1547 audire
1026 1493 1202 1565 atque
1231 1486 1498 1566 accipere
1527 1485 1793 1559 confido,
1840 1491 2038 1545 tamen
2070 1486 2407 1546 conducere
2435 1484 2592 1545 arbi-

445 1578 573 1631 tror
599 1570 814 1633 talibus
847 1590 1019 1633 aures
1046 1579 1178 1633 tuas
1204 1571 1450 1633 vocibus
1476 1570 1742 1649 undique
1773 1569 2214 1632 circumsonare
2243 1589 2357 1632 nec
2387 1589 2512 1646 eaS,
2544 1569 2596 1632 si

444 1656 573 1716 fieri
601 1656 821 1737 possit,
856 1657 1173 1736 quicquam
1202 1657 1360 1719 aliud
1390 1655 1611 1718 audire.
1685 1654 1860 1726 Quod
1904 1674 2041 1716 cum
2086 1656 2362 1717 omnibus
2391 1665 2482 1717 est
2506 1656 2594 1716 fa-

445 1740 741 1817 ciendum,
775 1741 878 1820 qui
907 1742 1082 1803 vitam
1111 1743 1424 1804 honestam
1454 1741 1685 1821 ingredi
1714 1739 1996 1820 cogitant,
2027 1748 2155 1802 tum
2177 1742 2332 1803 haud
2362 1741 2486 1803 scio
2516 1759 2591 1802 an

445 1826 671 1887 nemini
699 1826 900 1906 potius
929 1846 1106 1907 quam
1135 1828 1261 1889 tihi.
1314 1826 1585 1889 Sustines
1608 1824 1766 1887 enim
1798 1844 1923 1887 non
1946 1845 2183 1905 parvam
2206 1825 2595 1906 exspectatio-

445 1930 584 1972 nem
613 1912 929 1973 imitandae
972 1913 1298 1974 industriae
1343 1920 1613 1989 nostrae,
1643 1930 1919 1991 magnam
1943 1912 2268 1987 honorum,
2302 1930 2425 1974 non
2458 1912 2593 1973 nul-

444 1997 561 2057 lam
589 1998 837 2058 fortasse
860 1998 1139 2059 nominis,
1214 1997 1540 2078 Suscepisti
1585 2016 1739 2058 onus
1780 2003 2084 2075 praeterea
2126 2015 2299 2076 grave
2329 2006 2388 2059 et
2414 1997 2594 2058 Athe-

445 2180 668 2245 treiben‚
718 2180 822 2232 und
870 2179 990 2232 dass
1037 2196 1093 2233 es
1126 2179 1496 2248 {schwieriger¹

444 2248 514 2301 ist
549 2219 704 2300 allei'n
740 2248 897 2301 durch
934 2248 1016 2301 die
1042 2247 1342 2317 Thatigkeit
1378 2250 1470 2302 des

449 2315 824 2369 Nachdenkens
893 2315 992 2369 den
1050 2315 1290 2371 Kummer
1359 2319 1471 2371 fern

446 2401 511 2437 zu
563 2385 768 2451 hasten,
821 2385 897 2437 als
945 2401 1098 2437 wenn
1145 2402 1262 2439 man
1311 2387 1471 2440 durch

447 2452 947 2506 schriftstellerische
964 2453 1210 2507 Arbeiten
1235 2455 1346 2507 sich
1363 2471 1472 2507 zer-

449 2525 626 2575 streut.
699 2559 703 2562 >

519 2592 567 2645 2.
593 2590 883 2656 cogitando
912 2594 1360 2656 consequebatur:
1386 2592 1478 2644 aus

451 2657 534 2709 die
583 2673 638 2709 er
684 2657 793 2709 sein
838 2657 1186 2711 Nachdenken
1238 2660 1472 2712 richtete.

451 2730 703 2792 consequi
743 2741 783 2777 s,
821 2742 866 2780 z.
899 2725 921 2777 1
957 2728 989 2793 ξ
1030 2729 1144 2779 116.

521 2798 570 2848 6.
609 2793 779 2860 plura
814 2796 963 2845 brevi
995 2798 1248 2862 tempore.
1311 2795 1477 2848 Wenn

451 2877 569 2913 man
606 2861 690 2913 die
724 2860 941 2913 Periode
979 2865 1129 2914 unter
1164 2864 1349 2916 Caesar
1381 2865 1477 2917 mit

453 2929 772 2994 einrechnet,
821 2945 905 2981 wo
943 2928 1046 2982 Cic.
1082 2930 1333 2984 ebensalls
1382 2947 1476 2985 aus

452 2996 737 3049 Missfallen
774 3012 839 3047 an
876 2997 975 3050 den
1001 2995 1477 3066 Staatsgeschaften

454 3065 565 3117 sich
612 3063 727 3116 dem
780 3065 1309 3119 wissenschastlichen
1360 3066 1478 3120 Stu-

453 3133 592 3185 dium
641 3132 860 3199 hingab‚
914 3150 971 3186 so
1025 3133 1183 3187 fallen
1235 3136 1287 3187 in
1335 3135 1476 3188 diese

452 3201 565 3254 Zeit
592 3203 712 3267 (46-
725 3202 813 3266 44)
849 3201 950 3253 alle
985 3201 1125 3255 seine
1159 3204 1479 3271 philosophi-

453 3270 611 3322 schen
656 3267 763 3321 und
808 3269 1157 3323 rhetorischen
1201 3271 1475 3339 Schriften,

454 3352 631 3390 ausser
665 3337 763 3389 den
787 3337 1023 3390 Buchern
1058 3338 1121 3392 de
1156 3345 1375 3407 oratore,
1412 3341 1476 3393 de

456 3421 511 3457 re
557 3404 792 3471 publica,
840 3405 903 3458 de
947 3406 1177 3485 legibue,
1230 3409 1334 3461 und
1380 3409 1480 3462 den

456 3472 907 3606 Julgexlidgchriften
942 3474 1042 3526 wie
1066 3475 1130 3528 de
1157 3476 1478 3539 inventione;

455 3557 525 3608 vg
723 3544 752 3593 3

528 3613 577 3664 9.
613 3609 820 3661 inculta
854 3627 920 3662 ac
951 3612 1159 3664 deserta
1193 3611 1358 3665 bildet
1382 3612 1482 3665 den

460 3677 746 3744 Gegensatz
791 3694 856 3730 zu
899 3676 1180 3745 frugifera
1214 3686 1267 3732 et
1297 3679 1483 3747 fruct„

462 3746 569 3798 also
618 3745 762 3797 nicht
817 3747 1207 3815 ‘’‚unangebaut
1262 3748 1483 3801 sondern

463 3813 594 3878 ‘6de,
630 3813 994 3871 unfruchtbar’.

532 3898 579 3947 8.
618 3911 781 3947 cum—
806 3899 1015 3950 deserta
1045 3904 1121 3951 sit
1133 3931 1167 3939 —·
1186 3905 1316 3954 tum.
1368 3900 1482 3953 Von

466 3963 596 4014 zwei
616 3960 772 4016 durch
798 3982 917 4017 cum
929 3995 964 4006 ·—
984 3971 1099 4018 tum
1121 3968 1484 4021 verbundenen

1573 2179 1761 2232 Satzen
1811 2181 1950 2234 steht
1996 2180 2087 2233 der
2133 2185 2268 2234 erste
2314 2179 2488 2247 haufig
2524 2182 2597 2233 im

1573 2248 1905 2315 Conjunctiv,
1954 2264 2106 2302 wenn
2154 2264 2210 2302 er
2251 2250 2400 2303 einen
2437 2250 2598 2317 allge-

1572 2317 1774 2369 meinen
1801 2318 2078 2370 Gedanken
2114 2318 2327 2384 enthalt,
2363 2318 2456 2371 mit
2480 2318 2597 2370 dem

1572 2385 1662 2438 der
1696 2385 1940 2453 folgende
1976 2386 2274 2454 speciellere
2302 2359 2598 2454 x’rerglichen
2675 2448 2684 2453 ,

1571 2453 1718 2509 wird.

1647 2525 1724 2576 10.
1772 2539 1806 2573 a
1842 2525 2047 2589 quibus.
2106 2521 2221 2575 Von
2258 2521 2373 2574 dem
2407 2522 2606 2589 Begriff
2649 2518 2654 2523 ’

1578 2589 1766 2641 Pflicht
1802 2591 2008 2643 werden
2040 2589 2121 2642 die
2149 2590 2602 2644 Einzelvorschrif-

1578 2663 1666 2711 ten
1681 2660 1987 2725 (praecepta
2006 2660 2220 2710 honeste
2238 2660 2474 2725 vivendi)
2486 2660 2603 2712 her·

1578 2727 1805 2794 geleitet.

1649 2798 1728 2848 12.
1766 2794 2004 2862 Cratippo
2039 2795 2060 2845 1
2097 2795 2129 2861 §
2167 2797 2215 2849 2.

1651 2866 1729 2916 14.
1769 2866 2190 2928 circumsonare,
2236 2867 2441 2916 umtdnt
2475 2878 2606 2915 wer-

1579 2930 1694 2983 den.
1743 2931 1949 2983 Ebenso
1977 2947 2275 2997 personare
2309 2931 2374 2984 ad
2397 2931 2515 2984 fam.
2535 2930 2607 2983 Vl

1584 3001 1665 3064 18,
1695 3001 1728 3051 4
1764 3001 1874 3049 iam
1910 3004 2089 3050 tamen
2121 3016 2412 3066 personare
2446 3016 2608 3051 aures

1581 3069 1694 3117 eius
1740 3068 1901 3118 huius
1944 3068 2092 3119 modi
2135 3070 2349 3119 vocibus
2381 3084 2491 3118 non
2527 3073 2610 3118 est

1577 3133 1787 3186 inutile.
1855 3133 1993 3186 Aber
2036 3136 2166 3187 auch
2206 3135 2297 3187 das
2332 3135 2606 3188 Passivum

1578 3206 1974 3323 §treuna-anari
2024 3204 2163 3257 steht
2208 3203 2261 3255 in
2305 3203 2606 3257 demselben

1616 3286 1736 3323 mne

1651 3342 1728 3392 17.
1774 3356 1885 3391 non
1904 3355 2131 3407 parvam
2154 3344 2608 3407 eoespectationcm

1585 3411 1681 3460 cet.
1762 3406 1854 3460 Die
1912 3406 2182 3472 Adjectiva
2252 3425 2363 3460 non
2413 3424 2611 3475 parva,

1583 3491 1784 3596 Ξῖιῖῖἴ“
1791 3475 2608 3611 affat‘gsssssssssdsstz‘ffi}

1584 3613 1788 3678 honor,
1851 3628 2061 3665 nomen.
2137 3612 2229 3665 Die
2287 3612 2609 3680 Erwartung,

1584 3679 1783 3732 welche
1829 3680 1920 3732 auf
1951 3679 2005 3732 G.
2041 3681 2160 3733 ruht
2195 3683 2493 3746 (sustines),
2540 3681 2613 3733 ist

1584 3747 1736 3800 keine
1786 3748 2023 3827 geringe‚
2072 3748 2301 3801 insofern
2349 3749 2438 3801 der
2471 3748 2612 3801 Eifer

1584 3816 1706 3868 kein
1741 3816 1974 3884 gei-inger
2009 3832 2118 3869 war
2149 3834 2199 3869 ιι.
2221 3833 2261 3870 S.
2283 3832 2350 3872 w.

1658 3904 1739 3954 19.
1774 3918 1910 3954 onus
1942 3902 2293 3967 Athenarum,
2335 3901 2450 3955 eine
2483 3900 2613 3954 Auf-

1586 3969 1719 4035 gabe
1752 3985 1857 4022 von
1893 3969 2070 4022 Seiten
2103 3968 2316 4023 Athens,
