2813 4537
284 883 340 935 11

287 1649 346 1708 12

387 265 509 330 128
1005 270 1089 323 DE
1126 268 1385 324 OFFICIIS
1422 269 1538 323 LIB.
1574 269 1630 324 11.
1703 269 1844 325 CAP.
1883 273 1928 324 3.

385 447 482 521 sit,
521 446 675 508 idem
709 444 784 507 sit
813 443 999 521 utile.]
1046 443 1215 516 Quod
1248 444 1349 524 qui
1380 462 1588 524 parum
1621 443 2012 525 perspiciunt,
2052 442 2093 504 ii
2126 460 2303 523 saepe
2330 461 2534 505 versu-

385 542 481 594 tos
507 531 781 593 homines
811 537 869 591 et
900 528 1142 592 callidos
1171 529 1529 591 admirantes
1555 528 1835 591 malitiam
1874 528 2221 610 sapientiam
2253 529 2532 590 iudicant.

386 617 651 688 Quorum
682 634 851 678 error
881 614 1219 696 eripiendus
1251 622 1338 676 est
1370 615 1698 695 opinioque
1738 615 1931 677 omnis
1959 614 2033 676 ad
2063 630 2192 675 eam
2221 632 2388 695 spem
2416 622 2533 675 tra-

385 702 672 773 ducenda,
715 709 784 762 ut
825 700 1090 762 honestis
1119 698 1383 763 consiliis
1415 701 1702 781 iustisque
1731 700 1902 762 factis
1932 717 2054 761 non
2086 699 2291 762 fraude
2322 708 2381 761 et
2410 717 2532 760 ma-

385 787 511 849 litia
541 806 605 849 se
634 785 979 866 intellegant
1011 804 1096 862 ea,
1129 804 1278 866 quae
1306 784 1508 860 velint,
1541 786 1822 866 consequi
1857 803 2051 866 posse.

553 872 716 943 Quae
761 889 901 951 ergo
947 872 1018 933 ad
1062 871 1239 932 vitam
1282 871 1595 933 hominum
1638 871 1918 933 tuendam
1956 870 2279 952 pertinent,
2325 870 2535 949 partim

384 966 527 1021 sunt
556 957 837 1032 inanima,
869 964 935 1018 ut
954 973 1185 1032 aurum,
1215 965 1546 1034 argentum,
1576 963 1645 1019 ut
1672 975 1738 1018 ea
1771 975 1920 1037 quae
1943 956 2270 1035 gignuntur
2299 974 2331 1015 e
2360 964 2535 1027 terra,

384 1052 454 1106 ut
483 1042 592 1105 alia
624 1041 857 1123 generis
888 1041 1172 1117 eiusdem,
1217 1043 1431 1124 partim
1463 1041 1756 1116 animalia,
1802 1060 1952 1123 quae
1995 1041 2219 1103 habent
2256 1057 2397 1101 suos
2425 1040 2536 1099 im-

385 1138 558 1211 petus
589 1137 647 1190 et
679 1145 879 1189 rerum
925 1126 1242 1208 appetitus.
1317 1127 1540 1189 Eorum
1586 1135 1783 1190 autem
1828 1127 1938 1189 alia
1982 1126 2231 1188 rationis
2276 1125 2535 1205 expertia

385 1223 548 1289 sunt,
576 1212 687 1274 alia
718 1213 948 1274 ratione
978 1212 1220 1274 utentia.
1265 1213 1555 1294 Expertes
1584 1213 1833 1275 rationis
1856 1213 2015 1294 equi,
2046 1211 2245 1286 boves,
2275 1210 2536 1290 reliquae

387 1299 663 1380 pecudea,
696 1299 876 1378 [apes]
904 1316 1153 1378 quarum
1185 1316 1363 1379 opera
1395 1299 1650 1360 efficitur
1667 1298 1888 1379 aliquid
1918 1298 1990 1360 ad
2020 1316 2195 1360 usum
2227 1295 2534 1358 hominum

387 1392 564 1464 atque
591 1383 787 1446 vitam.
861 1382 1112 1444 Ratione
1141 1392 1334 1446 autem
1366 1384 1664 1447 utentium
1693 1384 1815 1445 duo
1844 1402 2060 1463 genera
2098 1390 2352 1464 ponunt,
2393 1381 2535 1443 deo-

385 1487 519 1531 rum
550 1487 758 1544 unum,
787 1467 1036 1530 alterum
1065 1468 1396 1531 hominum.
1485 1469 1641 1531 Deos
1684 1469 1945 1550 placatos
1988 1470 2174 1550 pietas
2218 1466 2434 1544 efficiet
2477 1475 2536 1526 et

388 1555 685 1631 sanctim,
732 1554 1001 1635 proxime
1043 1562 1239 1616 autem
1272 1562 1332 1616 et
1363 1555 1692 1618 secundum
1722 1555 1864 1616 deos
1894 1553 2166 1616 homines
2194 1549 2536 1614 hominihus

386 1658 658 1702 maxume
688 1638 864 1702 utiles
893 1657 1021 1701 esse
1050 1647 1324 1721 possunt.
1396 1640 1736 1722 Earumque
1780 1640 1919 1701 item
1964 1657 2183 1713 rerum,
2229 1655 2379 1718 quae
2424 1654 2532 1698 no-

387 1730 557 1787 ceant
588 1733 645 1787 et
683 1724 900 1800 obsint,
945 1726 1149 1787 eadem
1192 1724 1397 1787 divisio
1444 1735 1550 1788 est.
1626 1725 1740 1787 Sed
1787 1725 1923 1806 quia
1968 1725 2109 1786 deos
2152 1741 2369 1785 nocere
2413 1740 2533 1784 non

387 1819 627 1892 putant„
661 1811 734 1872 iis
778 1810 1039 1891 exceptis
1081 1811 1355 1873 homines
1398 1809 1742 1873 hominihus
1786 1810 1995 1872 obesse
2025 1809 2346 1891 plurimum
2378 1806 2535 1868 arbi-

383 1904 636 1958 trantur.
696 1896 782 1957 Ea
813 1895 972 1957 enim
1001 1896 1150 1977 ipsa,
1182 1915 1333 1976 quae
1363 1896 1623 1959 inanima
1644 1896 1917 1971 diximus,
1949 1894 2229 1976 pleraque
2258 1901 2399 1956 sunt
2426 1895 2537 1956 ho-

384 1981 615 2043 minum
646 1980 846 2061 operis
886 1981 1112 2056 effecta,
1157 2000 1309 2061 quae
1355 2001 1466 2044 nec
1510 1981 1881 2057 haberemus,
1928 1980 2040 2042 nisi
2085 1998 2296 2042 manus
2342 1987 2401 2040 et
2441 1996 2537 2040 ars

385 2066 747 2140 accessisset,
778 2084 889 2127 nec
918 2065 991 2127 iis
1022 2067 1151 2127 sine
1179 2066 1489 2129 hominum
1521 2065 2027 2129 administratione
2056 2072 2378 2126 uteremur.
2421 2062 2538 2123 Ne-

388 2170 504 2232 que
524 2152 691 2213 ‘enim
721 2149 1072 2213 valetudinis
1101 2153 1327 2214 curatio
1359 2171 1556 2234 neque
1593 2152 1883 2232 navigatio
1926 2169 2120 2232 neque
2149 2150 2274 2229 agri
2305 2147 2537 2210 cultura

389 2255 584 2318 neque
614 2236 851 2315 frugum
883 2236 1306 2319 fructuumque
1341 2238 1705 2320 reliquorum
1748 2236 2051 2320 perceptio
2084 2245 2141 2298 et
2170 2233 2535 2297 conservatio

387 2323 518 2384 sine
549 2322 854 2383 hominum
889 2341 1068 2404 opera
1098 2322 1218 2385 ulla
1249 2342 1377 2386 esse
1405 2324 1716 2407 potuisset.
1780 2323 1900 2385 Iam
1930 2341 2068 2385 vero
2108 2330 2167 2383 et
2204 2339 2405 2383 earum
2444 2338 2537 2381 re-

461 2459 505 2508 1.
535 2455 691 2520 Quod
709 2460 806 2522 qui
863 2471 1020 2507 arum
1046 2458 1413 2524 perspiciunt:
1518 2457 1806 2523 gewinnen.
1892 2456 2043 2508 Diese
2095 2455 2400 2519 Bedeutung
2450 2452 2541 2504 hat

368 2523 611 2576 'niimlich
646 2523 765 2576 dass
835 2525 883 2576 ie
907 2524 1185 2591 Trennung
1221 2524 1336 2577 blos
1360 2524 1414 2576 in
1514 2524 1736 2591 placare
1781 2526 1835 2577 in
1869 2523 2046 2591 Bezug
2092 2523 2184 2576 auf
2226 2522 2307 2574 die
2344 2521 2540 2586 Gotter,

389 2592 478 2644 der
495 2591 713 2645 Theorie
738 2590 1044 2658 stattfindet‚
1081 2608 1136 2645 es
1175 2592 1415 2665 schliesst
1517 2592 1636 2647 Hor.
1673 2609 1716 2646 c.
1752 2593 1813 2646 ΠΙ
1849 2595 1931 2659 23,
1961 2595 1991 2644 3
2026 2594 2077 2642 si
2111 2593 2269 2642 thure
2295 2590 2542 2656 placaris

391 2660 500 2712 sich
515 2661 624 2713 also
639 2676 704 2712 an
725 2664 1053 2726 cogitatione
1066 2661 1415 2726 distinguunt
1517 2692 1561 2700 -
1584 2661 1742 2714 lares.
1797 2659 1967 2713 Ueber
1990 2660 2072 2712 die
2096 2658 2350 2711 Pflichten
2375 2672 2539 2724 gegen

389 2743 469 2782 an.
1517 2729 1600 2782 die
1636 2730 1817 2783 Gotter
1849 2745 1890 2782 s.
1914 2727 2212 2794 Einleitung
2246 2726 2279 2794 ξ
2304 2728 2369 2779 25
2394 2725 2498 2778 und
2522 2723 2543 2775 Ι

447 2799 495 2849 3.
527 2799 713 2863 opinio
732 2799 904 2847 omnis
921 2797 994 2846 ad
1011 2812 1127 2848 eam
1143 2811 1286 2862 spem
1305 2802 1416 2848 tra·
1517 2813 1561 2852 c.
1596 2801 1643 2852 7.

392 2864 661 2915 ducenda:
683 2879 776 2930 pro
790 2862 1091 2929 Mur.21‚43
1106 2867 1414 2931 opinionem
1592 2869 1669 2921 14.
1698 2869 1955 2934 prooeime
1990 2870 2044 2916 et
2075 2864 2368 2916 secundum
2400 2862 2539 2928 deos,

322 2942 335 2957 ⁴
389 2946 552 3050 gvgsse
598 2932 934 2997 adipiscendi
981 2937 1246 2985 avertunt.
1315 2932 1415 2985 Der
1515 2934 1848 2988 unmittelbar
1881 2933 2013 2986 nach
2037 2933 2135 2985 den
2160 2931 2389 2984 Gottern.
2447 2930 2539 2983 Die

527 3014 587 3064 n,
634 3001 846 3079 opinio,
900 2998 999 3052 soll
1032 3000 1415 3066 umgewandelt
1514 3003 1753 3068 Haufung
1787 3001 1890 3082 ‚der
1934 2999 2237 3069 synonyma
2282 2998 2541 3052 verstarkt

390 3066 600 3118 werden
634 3082 688 3118 in
724 3067 808 3119 dle
841 3066 1113 3136 Hoffnung.
1516 3071 1614 3124 den
1650 3068 1867 3136 Begriff3
1911 3085 1952 3121 s,
1989 3085 2034 3122 z.
2069 3068 2089 3120 1
2126 3069 2158 3135 ξ
2191 3071 2266 3121 11.

464 3138 541 3188 11.
576 3151 701 3203 apes
725 3135 926 3188 scheint
956 3137 1314 3204 urspriinglich
1334 3137 1413 3190 als
1590 3142 1667 3192 16.
1734 3139 1859 3190 deos
1910 3152 2101 3190 nocero
2151 3152 2262 3188 non
2311 3140 2540 3203 putant.-

390 3202 510 3255 Beis
549 3203 615 3255 iel
634 3220 700 3256 zu
722 3204 964 3270 reliquae
1023 3206 1212 3257 enudas
1229 3221 1293 3258 an
1313 3205 1414 3259 den
1515 3206 1578 3259 111
1611 3209 1643 3272 ξ
1686 3208 1798 3259 102.
1999 3246 2016 3252 -

390 3270 500 3323 Ran
550 3272 883 3337 geschrieben
900 3220 1084 3326 ungso
1102 3273 1155 3325 in
1168 3272 1268 3326 den
1281 3273 1416 3326 Text
1593 3278 1667 3328 18.
1722 3277 1864 3326 enim
1895 3273 2042 3326 leitet
2077 3272 2160 3326 die
2195 3271 2542 3339 Begriindnng

392 3338 698 3405 gekommen
722 3356 785 3392 zn
805 3341 932 3406 sein,
958 3340 1092 3395 denn
1110 3357 1263 3394 wenn
1282 3342 1414 3395 auch
1515 3343 1608 3396 des
1644 3358 1841 3410 ganzen
1876 3341 2332 3409 vorhergehenden
2361 3339 2542 3392 Satzes

392 3405 475 3458 die
498 3406 825 3474 Erwfihnung
860 3409 950 3461 der
982 3408 1208 3476 Bienen,
1243 3410 1327 3463 die
1355 3413 1414 3476 ja
1518 3412 1629 3478 ein,
1674 3411 1782 3465 und
1816 3426 1956 3463 zwar
2001 3410 2136 3477 folgt
2170 3408 2418 3462 znnachst
2452 3407 2543 3460 der

392 3475 543 3527 einen
554 3473 704 3527 Theil
718 3474 807 3528 der
822 3476 1287 3531 Landwirthschaft
1299 3494 1415 3530 ans-
1517 3479 1724 3533 Beweis
1742 3479 1824 3533 fiir
1845 3478 1944 3531 den
1965 3483 2136 3531 ersten
2146 3477 2295 3530 Theil
2313 3479 2543 3528 homini-

391 3543 657 3610 machten,
687 3559 751 3595 an
776 3543 885 3596 sich
905 3545 1075 3599 nichts
1096 3547 1415 3613 anstossiges
1518 3551 1615 3600 bus
1660 3551 1902 3600 homines
1945 3550 2182 3598 maccimo
2222 3544 2386 3595 utiles
2421 3561 2543 3609 esse,

390 3612 505 3675 hat,
532 3627 590 3664 so
610 3612 683 3665 ist
708 3611 842 3665 doch
865 3612 948 3667 die
970 3614 1297 3682 Aufzz‘ihlnng
1320 3615 1416 3667 mit
1519 3615 1655 3669 daun
1671 3632 1775 3670 von
1795 3616 1829 3684 ξ
1849 3618 1912 3669 16
1931 3630 1997 3666 an
2025 3616 2204 3679 Atque
2229 3618 2294 3664 ut
2316 3628 2543 3678 magnas
2643 3680 2652 3685 ἱ

395 3679 510 3731 dem
553 3680 891 3747 allgemeinen
940 3682 1117 3734 Gliede
1161 3682 1258 3736 rel.
1297 3699 1416 3749 pec.
1519 3690 1617 3738 cet.
1654 3685 1736 3737 fur
1770 3684 1869 3736 den
1904 3684 2126 3735 zweiten
2161 3680 2328 3734 Theil.

395 3747 752 3815 geschlossen,
811 3749 916 3802 und
974 3749 1156 3803 darauf
1209 3751 1417 3804 bezieht
1587 3755 1669 3806 22.
1721 3752 1981 3818 frugum.-
2023 3750 2213 3816 fmges
2247 3748 2361 3801 sind
2395 3747 2543 3800 Feld-

396 3815 505 3868 sieh
541 3816 632 3868 das
668 3816 869 3870 Relativ
906 3835 1152 3884 quarum.
1518 3821 1719 3874 fruente
1732 3860 1747 3886 ‚
1798 3819 2017 3882 fructus
2065 3817 2218 3872 theils
2262 3817 2352 3870 der
2383 3816 2544 3883 allge-

467 3886 546 3936 13.
597 3883 738 3936 Deos
768 3885 1011 3952 placatos
1047 3887 1274 3952 efficiat,
1323 3887 1416 3941 das
1518 3889 1687 3942 meine
1702 3887 1913 3956 Begriff‚
1941 3886 2091 3940 theils
2109 3887 2239 3940 auch
2256 3886 2326 3938 im
2344 3884 2544 3952 Gegen·

394 3950 741 4006 Wohlwollen
783 3951 872 4006 der
905 3954 1086 4008 Gotter
1137 3954 1265 4009 wird
1317 3972 1416 4009 uns
1518 3961 1629 4010 satz
1663 3974 1726 4010 zu
1755 3959 1915 4023 jenen
1951 3954 2328 4008 Baumfriichte.

2579 1222 2637 1273 10

2577 1649 2635 1700 15
