2813 4537
314 2426 323 2435 .
424 2380 530 2433 hat.
586 2378 741 2433 Seine
767 2379 1025 2435 Schriften
1059 2382 1303 2436 scheinen
1337 2382 1450 2435 sich

413 265 538 340 228
1000 266 1084 324 ns
1120 264 1539 324 emensam.
1568 265 1646 323 111.
1716 264 1859 320 car.
1890 268 1972 321 23.

414 442 570 504 alere
587 439 618 503 ’.Ρ
666 440 736 502 In
777 447 1092 519 utramque
1133 448 1364 520 partem
1408 438 1687 518 disputat,
1732 439 1836 500 sed
1878 446 2075 500 tamen
2119 439 2194 500 ad
2237 446 2575 502 extremum

416 526 699 602 utilitate,
758 533 825 587 ut
881 532 1081 605 putat,
1141 524 1405 587 officium
1462 523 1663 604 dirigit
1717 523 1904 604 magis
1954 542 2132 603 quam
2181 525 2574 602 humanitate.

419 611 682 688 Quaerit,
723 612 773 672 si
816 611 879 673 in
923 610 1072 672 mari
1110 610 1335 672 iactura
1378 609 1648 671 facienda
1690 609 1785 684 sit,
1827 609 2044 689 equine
2087 610 2333 689 pretiosi
2368 611 2575 708 potius

417 698 703 760 iacturam
747 695 923 758 faciat
950 715 1028 758 an
1056 696 1270 759 servoli
1296 694 1469 758 vilis?
1525 694 1639 757 Hic
1667 695 1781 756 alio
1812 713 1909 757 res
1938 694 2268 771 familiam,
2316 697 2430 757 allo
2455 697 2579 758 du-

416 783 501 844 cit
539 781 892 844 humanitas.
943 816 1029 827 --
1074 781 1158 843 ‘Si
1200 781 1463 842 tabulam
1509 779 1584 842 de
1627 780 1937 860 naufragio
1980 781 2197 843 stultus
2235 781 2579 861 arripuerit,

420 868 873 947 extorquebitne
915 885 1044 928 eam
1082 866 1352 946 sapiens,
1392 866 1447 928 si
1476 866 1738 946 potuerit
1751 864 1798 926 ‘l’
1876 866 2099 945 Negat,
2141 866 2280 946 quia
2308 867 2386 928 sit
2411 866 2581 929 iniu-

418 952 592 1016 rium.
637 987 720 999 —
760 952 937 1024 ‘Quid
965 951 1243 1015 dominus
1272 950 1483 1014 navis?
1527 951 1817 1031 eripietne
1844 970 2020 1013 suum
2035 949 2085 1011 ‘2’
2129 951 2409 1027 Minime,
2445 972 2578 1014 non

418 1038 555 1118 plus
598 1056 776 1118 quam
821 1037 1193 1117 navigantem
1232 1037 1294 1099 in
1336 1037 1455 1100 alto
1485 1036 1679 1099 eicere
1710 1037 1783 1098 de
1813 1036 1949 1098 navi
1975 1036 2131 1113 velit,
2172 1037 2312 1116 quia
2340 1056 2447 1100 sua
2477 1038 2577 1099 sit.

420 1122 629 1194 Quoad
672 1123 832 1185 enim
873 1130 1226 1203 perventum
1266 1131 1357 1184 est
1386 1142 1493 1198 eo,
1540 1141 1660 1202 quo
1690 1129 1927 1202 sumpta
1955 1123 2120 1184 navis
2145 1131 2267 1198 est,
2307 1142 2436 1184 non
2466 1124 2581 1184 do-

418 1208 566 1269 mini
612 1216 701 1269 est
742 1208 939 1283 navis,
984 1209 1087 1270 sed
1133 1208 1576 1288 navigantium.'
1619 1239 1704 1253 —·-
1751 1205 1973 1279 ‘Quid‘t
2015 1207 2221 1274 sinna
2249 1208 2450 1270 tabula
2479 1209 2577 1284 sit,

422 1294 539 1355 duo
587 1293 857 1373 naufragi
894 1293 1067 1372 eique
1096 1294 1426 1374 sapientes,
1468 1293 1663 1355 sibine
1691 1301 1944 1373 uterque
1971 1294 2163 1373 rapiat
2189 1312 2268 1354 an
2297 1293 2445 1355 alter
2475 1312 2579 1356 ce-

423 1378 523 1439 dat
549 1376 778 1441 alteri‘I'
833 1378 1032 1441 ‘Cedat
1072 1397 1211 1441 vero
1226 1424 1242 1454 ‚
1286 1380 1391 1441 sed
1432 1379 1487 1440 ei
1525 1378 1696 1440 cuius
1736 1379 1922 1457 magis
1965 1377 2200 1440 intersit
2226 1380 2320 1440 vel
2348 1398 2455 1441 sua
2483 1379 2581 1441 vel

421 1463 509 1524 rei
550 1463 824 1544 publicae
866 1482 1041 1525 causa
1069 1463 1303 1525 vivere!
1330 1497 1417 1508 —-
1448 1461 1669 1534 ‘Qum
1708 1463 1759 1524 si
1787 1464 1934 1525 haec
1964 1457 2131 1543 paria
2158 1463 2221 1525 in
2253 1471 2512 1544 utroque
2526 1462 2578 1525 ‘2’

425 1548 684 1610 ‘Nullum
715 1549 826 1609 erit
854 1557 1154 1611 certamen
1171 1596 1187 1624 ‚
1232 1550 1335 1611 sed
1367 1548 1536 1628 quasi
1549 1556 1726 1610 sorte
1751 1556 1858 1614 aut
1884 1548 2158 1611 micando
2187 1549 2378 1612 victus
2405 1549 2580 1612 alteri

422 1634 592 1694 cedet
632 1633 817 1695 alter.'
846 1669 931 1678 —
962 1633 1183 1706 ‘Quid‘r
1226 1634 1274 1696 si
1319 1641 1490 1715 pater
1532 1635 1670 1695 fana
1714 1634 1959 1714 expilet‚
2004 1634 2314 1696 cuniculos
2342 1643 2478 1716 agat
2505 1636 2581 1695 ad

422 1713 741 1794 aerarium,
785 1719 1085 1782 indicetne
1130 1720 1189 1781 id
1231 1719 1672 1801 magistratibus
1712 1717 1930 1782 filius‘I’
1998 1720 2192 1782 ‘Nefas
2234 1720 2294 1781 id
2338 1720 2579 1800 quidem

423 1811 542 1881 est;
588 1804 732 1884 quin
775 1804 952 1866 etiam
997 1806 1274 1867 defendat
1306 1813 1566 1885 patrem,
1610 1804 1661 1868 si
1689 1805 2013 1886 arguatur.'
2074 1806 2226 1867 ‘Non
2258 1805 2440 1885 igitur
2468 1824 2578 1887 pa-

420 1889 534 1950 tria
555 1896 814 1969 praestat
843 1890 1121 1952 omnibus
1151 1891 1363 1953 officiis
1375 1889 1426 1952 ‘1’
1474 1890 1679 1952 ‘Immo
1710 1909 1869 1966 vero,
1898 1891 2003 1952 sed
2031 1890 2147 1971 ipsi
2175 1891 2399 1971 patriae
2428 1909 2579 1954 con-

423 1973 586 2035 ducit
625 1975 759 2055 pios
800 1975 1018 2037 habere
1064 1977 1220 2038 cives
1260 1976 1323 2037 in
1368 1976 1688 2056 parentes.’
1717 2010 1803 2022 -—
1834 1974 2054 2048 ‘Quid‘r
2105 1977 2155 2037 si
2198 1975 2577 2057 tyrannidem

425 2078 718 2141 occupare
735 2108 751 2136 ,
795 2060 845 2122 si
884 2062 1135 2141 patriam
1177 2060 1431 2142 pro‘dere
1466 2062 1780 2123 conabitur
1808 2069 2008 2141 pater,
2053 2060 2327 2123 silebitne
2356 2061 2513 2125 filius
2525 2059 2576 2123 ‘l’

425 2144 631 2205 ‘Immo
674 2159 815 2206 vero
859 2145 1194 2207 obsecrabit
1233 2154 1464 2227 patrem
1480 2193 1495 2221 ‚
1538 2166 1615 2208 ne
1658 2147 1719 2207 id
1760 2146 1952 2207 faciat.
2015 2145 2078 2207 Si
2108 2145 2257 2208 nihil
2283 2146 2574 2227 proficiet„

424 2228 752 2306 accusabit‚
797 2229 1121 2294 minabitur
1166 2232 1374 2308 etiam,
1418 2233 1492 2293 ad
1525 2239 1886 2307 extremum,
1929 2231 1981 2295 si
2009 2232 2083 2293 ad
2110 2232 2437 2312 perniciem
2467 2252 2575 2314 pa-

425 2446 643 2500 zumeist
691 2448 782 2501 auf
821 2448 1313 2518 Moralphilosophie
1358 2452 1451 2504 be·

425 2531 591 2582 zogen
623 2532 688 2569 zu
723 2517 908 2570 haben.

496 2587 544 2637 2.
594 2589 658 2636 ut
705 2590 899 2652 putat,
955 2587 1054 2639 den
1108 2601 1164 2642 er
1216 2586 1299 2639 ffir
1348 2586 1451 2654 den

425 2650 626 2705 Nutzen
673 2653 810 2720 hiilt,
859 2654 950 2707 der
994 2670 1051 2707 es
1099 2655 1222 2707 aber
1263 2655 1317 2708 in
1361 2655 1452 2708 der

426 2719 562 2773 That
595 2721 738 2773 nicht
771 2722 856 2788 ist,
890 2723 1119 2776 insofern
1154 2738 1210 2776 er
1235 2723 1325 2775 der
1347 2723 1452 2776 Tu-

427 2787 562 2853 gend
596 2789 976 2845 widerstreitet.

497 2859 544 2909 3.
590 2859 650 2907 in
701 2862 846 2909 mari
896 2863 1110 2911 iactura
1158 2858 1452 2921 facienda.-

428 2938 581 2975 wenn
634 2939 676 2976 z.
713 2922 772 2978 Β.
820 2926 906 2977 bei
942 2925 1114 2980 Sturm
1155 2941 1339 2993 wegen
1387 2943 1452 2980 zu

429 2989 627 3043 starker
678 2990 1028 3060 Beirachtung
1088 2995 1181 3047 des
1233 2994 1452 3048 Schiffes

430 3063 596 3112 etwas
645 3060 773 3113 fiber
817 3060 963 3114 Bord*
1005 3062 1270 3129 geworfen
1323 3078 1454 3117 wer-

429 3127 528 3180 den
564 3143 720 3181 muss,

499 3200 547 3250 5.
609 3198 808 3249 stultus
868 3199 1009 3252 steht
1063 3199 1132 3250 im
1186 3197 1450 3252 stcischen

430 3263 588 3319 Sinne
640 3265 718 3317 als
763 3265 1050 3332 Gegensatz
1104 3283 1168 3319 zu
1219 3269 1450 3334 sapiens.

428 3331 528 3385 Der
539 3332 991 3401 philosophischen
1004 3334 1231 3402 Sprache
1247 3337 1450 3401 gemass

427 3400 497 3453 ist
515 3402 647 3453 auch
668 3400 750 3453 die
770 3400 1224 3469 Substantivirung
1239 3403 1331 3456 des
1347 3402 1453 3455 Ad-

421 3468 586 3534 jectiv
609 3469 681 3522 im
705 3467 946 3537 Singular
968 3471 1060 3523 des
1069 3470 1451 3526 Masculinums.

508 3540 556 3592 6.
619 3541 670 3590 si
721 3542 995 3605 potuerit,
1061 3539 1152 3591 das
1203 3539 1450 3594 Futurum
1491 3588 1494 3591 ,

427 3609 663 3660 exactum
676 3645 691 3672 ‚
745 3606 867 3659 weil
900 3606 993 3660 das
1028 3605 1319 3674 Vermogen
1359 3608 1452 3662 der

425 3673 758 3741 Ausffihrung
792 3675 1146 3743 vorlici-gehen
1179 3691 1337 3729 muss.

432 3778 439 3783 -
492 3744 780 3810 iniurium,
796 3742 890 3796 das
904 3743 1055 3796 Wort
1077 3743 1275 3797 kommt
1298 3746 1451 3798 meist

427 3824 523 3862 nur
554 3810 640 3863 bei
675 3811 884 3864 frfihern
907 3811 1312 3866 Schriftstellern
1337 3830 1447 3868 vor.

426 3874 543 3929 Ter.
576 3877 698 3932 Hec.
732 3879 754 3931 1
791 3884 838 3944 1,
871 3884 931 3934 15
968 3882 1237 3934 inim-ium
1271 3887 1449 3935 autem

429 3948 507 3994 cst
540 3944 730 3998 ulcisci
764 3948 1121 4003 adversarios.

1620 2386 1669 2437 7.
1710 2399 1822 2435 non
1860 2383 1985 2451 plus
2007 2399 2195 2450 quam.-
2231 2385 2361 2436 eben
2386 2399 2444 2437 so
2471 2399 2578 2436 we-

1552 2451 1640 2518 nig
1676 2451 1768 2504 als,
1814 2450 1870 2503 In
1895 2451 2062 2504 dieser
2079 2450 2412 2519 Verbindung
2436 2452 2577 2505 steht

1546 2520 1672 2587 plus
1704 2518 1881 2587 haufig
1915 2520 1998 2572 fur
2027 2524 2221 2586 magis.
2270 2522 2303 2586 ξ
2337 2523 2430 2574 118
2463 2536 2577 2572 nem

1548 2588 1673 2654 plus
1706 2604 1869 2654 quam
1903 2591 2162 2641 amicilia.
2231 2589 2264 2656 ξ
2301 2591 2367 2642 38
2401 2588 2575 2641 nihilo

1548 2656 1674 2774 glus
1688 2659 1794 2707 eibi
1810 2657 2139 2724 licor-epictet
2146 2672 2387 2724 peccare,
2397 2672 2579 2723 quam.

1601 2739 1695 2777 err.
1730 2723 1772 2775 11
1809 2729 1857 2792 7,
1891 2728 1952 2778 21
1996 2730 2106 2777 tum
2138 2741 2291 2778 nomo
2324 2726 2577 2777 molestus

1552 2793 1725 2844 Dioni
1756 2791 1971 2854 fuerat?
2004 2809 2113 2845 non
2143 2794 2267 2861 plus
2300 2809 2462 2860 quam
2483 2793 2577 2845 Li-

1549 2865 1700 2927 gur-i.

1622 2931 1671 2981 9.
1706 2934 1919 2994 sumpta
1953 2928 2002 2981 d.
2038 2929 2072 2982 i.
2110 2930 2386 2982 conducta.

1628 3001 1707 3050 11.
1742 2999 1913 3048 sibine
1935 3001 2159 3063 uterque
2181 2999 2378 3064 rapiat.
2414 2995 2484 3050 So
2509 3013 2574 3050 zu

1555 3065 1823 3117 schreiben
1854 3064 2047 3117 fordert
2077 3064 2167 3117 der
2185 3065 2471 3131 Gegensatz
2502 3081 2574 3117 an

1555 3132 1694 3185 alter
1717 3134 1874 3185 cedat
1904 3132 2078 3184 alteri.
2113 3132 2207 3185 Die
2225 3134 2408 3186 besten
2424 3132 2573 3185 Hdss.

1550 3201 1721 3253 haben
1753 3203 1858 3252 eibi
1887 3205 2094 3267 neuter,
2130 3216 2240 3253 was
2266 3201 2455 3253 keinen
2478 3200 2576 3254 Ge·

1552 3272 1766 3335 gensatz
1814 3269 1973 3334 giebt.
2040 3272 2214 3321 sibine
2254 3274 2378 3320 uter
2419 3268 2577 3322 liesse

1552 3337 1665 3390 sich
1686 3337 1951 3390 vielleicht
1973 3337 2259 3404 schreiben,
2292 3352 2446 3390 wenn
2471 3337 2573 3390 Cic.

1550 3409 1677 3457 uter
1709 3406 1763 3458 in
1798 3405 1914 3458 dem
1951 3405 2109 3459 Sinne
2141 3421 2246 3458 von
2280 3405 2420 3456 alter
2452 3411 2577 3458 uter·

1554 3478 1727 3541 sagte;
1764 3474 1897 3527 doch
1926 3478 2121 3541 genogt
2145 3474 2258 3526 eine
2284 3472 2448 3527 Stelle
2473 3474 2575 3526 wie

1553 3542 1608 3595 in
1650 3542 1793 3596 Verr.
1826 3543 1887 3595 111
1926 3545 2018 3607 14,
2055 3546 2145 3609 35,
2198 3557 2284 3595 wo
2329 3557 2422 3594 aus
2455 3542 2575 3594 dem

1549 3609 1701 3664 Edict
1768 3611 1909 3663 eines
1978 3609 2217 3664 Praetors
2302 3609 2575 3676 angeffihrt

1549 3679 1704 3731 wird:
1739 3682 1788 3730 si
1819 3684 1941 3730 uter
1974 3679 2132 3744 volet,
2163 3683 2575 3746 recuperatores

1549 3747 1706 3811 dabo,
1746 3747 1880 3800 noch
1914 3745 2059 3799 nicht
2094 3747 2270 3799 diesen
2306 3745 2574 3801 Gebrauch

1548 3815 1604 3868 in
1638 3814 1774 3868 allen
1809 3812 1987 3867 Pallen
2022 3830 2088 3868 zu
2122 3815 2390 3869 erweisen.

1563 3914 1570 3920 -
1625 3887 1702 3937 14.
1737 3884 2021 3935 micando:
2056 3898 2098 3935 s·
2133 3883 2267 3949 §77-

1619 3953 1699 4004 22.
1753 3953 2053 4017 accusabit,
2089 3951 2140 4005 d.
2174 3951 2209 4006 i.
2249 3954 2575 4019 obiurgabit,

2626 791 2660 841 5

2624 1216 2689 1269 10
