2813 4537
871 269 955 324 DE
993 271 1254 326 OFFIGIIS
1289 272 1408 327 LIB.
1445 273 1480 326 1.
1535 271 1678 325 CAP.
1697 275 1781 326 40.
2291 267 2407 329 111

253 442 481 506 videtur
509 444 712 505 eadem
750 443 837 505 vis
879 445 1104 507 ordinis
1133 454 1192 508 et
1221 445 1633 508 collocationis
1670 445 1828 507 fore:
1876 464 2011 507 nam
2053 455 2111 507 et
2145 445 2413 508 ordinem

255 529 339 590 sic
369 529 692 603 definiunt,
737 530 1235 610 compositionem
1262 550 1463 593 rerum
1494 532 1652 612 aptis·
1673 541 1735 592 et
1764 531 2217 594 accommodatis
2247 531 2413 593 locis.

253 614 483 676 Locum
516 622 732 676 ¹autem
786 616 1037 677 actionis
1091 617 1595 697 opportunitatem
1651 616 1937 697 temporis
1994 636 2123 679 esse
2173 615 2413 691 dicunt3

255 709 491 781 tempus
527 708 730 761 autem
784 700 1040 763 actionis.
1089 711 1496 783 opportunum
1543 701 1764 763 Graece
1809 696 2149 785 εὐκαιρία,
2206 701 2415 763 Latine

194 794 225 845 5
252 784 588 866 appellatur
618 785 870 848 occasio.
931 786 1030 849 Sic
1070 787 1138 849 fit
1166 795 1232 849 ut
1259 787 1546 849 modestia
1577 788 1722 849 haec
1740 832 1756 861 ,
1800 806 1975 868 quam
2008 790 2089 849 ita
2119 788 2437 867 interpre··

153 1222 211 1273 10

153 1647 210 1700 15

255 879 469 945 tamur,
498 879 566 932 ut
593 870 733 946 dixi,
761 871 1007 934 scientia
1035 872 1111 934 sit
1139 872 1607 954 opportunitatis
1634 873 1988 935 idoneorum
2020 874 2094 935 ad
2121 873 2415 952 agendum
2485 884 2492 891 ·

257 964 613 1036 temporum.
671 955 786 1017 Sed
829 965 1026 1036 potest
1066 958 1269 1019 eadem
1309 977 1440 1020 esse
1469 957 1820 1039 prudentiae
1854 959 2118 1020 definitio
2137 1003 2153 1033 ,
2195 959 2269 1020 de
2299 976 2413 1039 qua
2429 967 2522 1019 143

256 1041 557 1122 principio
585 1040 858 1116 diximus,
889 1043 1005 1104 hoc
1027 1051 1224 1104 autem
1252 1043 1386 1105 loco
1418 1044 1491 1104 de
1509 1043 1914 1106 moderatione
1944 1051 2002 1105 et
2030 1042 2415 1124 temperantia

258 1135 316 1188 et
343 1127 554 1189 barum
585 1126 876 1188 similibus
892 1128 1207 1191 virtutibus
1236 1128 1591 1209 quaerimus.
1645 1128 1870 1209 Itaque,
1902 1147 2058 1209 quae·
2078 1138 2245 1191 erant
2267 1147 2417 1209 pru-

253 1211 488 1274 dentiae
509 1211 772 1292 propria,
802 1231 913 1273 suo
937 1213 1069 1275 loco
1093 1213 1250 1275 dicta
1279 1223 1448 1275 sunt:
1483 1232 1635 1294 quae
1652 1224 1855 1276 autem
1877 1215 2089 1276 harum
2111 1214 2414 1287 virtutum,

255 1297 330 1358 de
360 1295 579 1377 quibus
606 1296 722 1358 iam
764 1297 866 1359 diu
910 1298 1244 1380 loquimur,
1292 1318 1443 1379 quae
1473 1299 1778 1379 pertinent
1814 1301 1886 1361 ad
1916 1298 2327 1361 verecundiam
2359 1308 2416 1359 et

256 1381 331 1444 ad
353 1400 558 1443 eorum
582 1381 1092 1463 approbationem,
1124 1384 1480 1464 quibuscum
1497 1383 1765 1460 vivimus,
1795 1403 1959 1447 nunc
1981 1384 2228 1447 dicenda
2256 1392 2414 1447 sunt.

256 1466 416 1528 Talis
446 1476 536 1529 est
559 1466 744 1546 igitur
773 1469 917 1529 ordo
947 1469 1250 1531 actionum
1279 1470 1675 1544 adhibendus,
1721 1480 1812 1545 ut,
1856 1488 2034 1551 quem
2074 1470 2146 1531 ad
2176 1470 2415 1530 modum
2436 1478 2528 1529 144

252 1552 319 1613 -in
351 1552 620 1614 oratione
650 1555 943 1616 constanti
973 1555 1059 1616 sic
1103 1555 1313 1616 invita
1341 1555 1539 1616 omnia
1573 1555 1697 1616 sint
1726 1566 1861 1636 apta
1891 1555 2049 1617 inter
2086 1573 2151 1615 se
2182 1562 2241 1616 et
2269 1573 2416 1616 con-

252 1637 563 1699 venientia.
623 1635 827 1718 Turpe
866 1639 1025 1700 enim
1069 1641 1353 1721 valdeque
1394 1640 1673 1702 vitiosum
1712 1640 1776 1700 in
1819 1659 1888 1701 re
1917 1658 2117 1701 severa
2148 1640 2414 1702 convivio

257 1722 435 1801 digna
477 1731 583 1785 aut
621 1721 937 1785 delicatum
982 1723 1238 1805 aliquem
1280 1725 1505 1786 inferre
1535 1742 1890 1787 sermonem.
1952 1725 2113 1785 Bene
2140 1723 2418 1799 PericleS,

328 1910 373 1958 1.
430 1905 732 1971 collocatio,
766 1905 984 1972 richtige
1021 1905 1286 1975 Stellunffl

256 1988 313 2026 es
352 1973 482 2026 fasst
515 1976 744 2025 scientia
791 1991 977 2038 rerum
1025 1976 1140 2028 loco
1188 1992 1285 2027 suo

257 2042 698 2094 collocandorum
750 2058 815 2094 zu
871 2043 1038 2096 einem
1092 2042 1293 2111 Begriff

257 2125 550 2163 zusammen
618 2109 723 2163 und
781 2109 851 2162 ist
921 2112 1035 2164 eine
1095 2112 1286 2164 Ueber-

1391 1907 1475 1959 die
1498 1906 1746 1973 Klugheit
1778 1922 1889 1972 vor,
1923 1907 2154 1960 insosern
2189 1907 2299 1960 dies
2328 1923 2418 1960 zur

1388 1974 1705 2042 Erreichung
1739 1974 1992 2030 sittlicber
2013 1975 2237 2032 Zwecke
2266 1976 2417 2028 noth-

1388 2043 1598 2110 wendig
1632 2043 1730 2109 ist,
1784 2042 1867 2096 die
1901 2038 2147 2108 εὐταξία,
2189 2043 2418 2096 insofern

1388 2127 1486 2164 uns
1523 2127 1587 2163 an
1625 2113 1883 2163 ausserem
1902 2111 2137 2164 Austand
2171 2111 2277 2164 und
2300 2111 2416 2163 dem

257 2182 476 2244 setzung
490 2194 597 2230 von
607 2175 1037 2250 καταχωρισμός,
1055 2179 1284 2233 Andron.

257 2249 388 2317 περὶ
433 2245 581 2299 παθ.
617 2241 840 2309 εὐταξία
886 2249 1142 2319 ἐμπειρία
1191 2266 1282 2301 κα-

253 2311 603 2384 ταχωρισμοῦ
640 2311 901 2383 πράξεως.

322 2398 451 2435 nam
504 2387 588 2432 ot.-
652 2388 703 2433 et
758 2383 840 2434 fiir
893 2388 1080 2450 etiam,
1139 2401 1181 2438 s,
1238 2400 1282 2437 z.

257 2452 288 2516 ἐ
330 2452 427 2503 133
461 2450 556 2502 sed
588 2455 642 2501 et
677 2450 793 2502 alii.

326 2521 372 2572 3.
408 2518 613 2570 Locum
631 2523 841 2570 autam:
887 2520 1034 2570 loeus
1051 2523 1286 2577 actionis

256 2586 388 2639 fasst
405 2585 498 2638 das
517 2586 937 2653 vorhergehende
949 2590 1286 2654 compositio-

254 2670 375 2706 nom
396 2670 582 2706 rerum
607 2658 750 2722 aptis
777 2661 831 2706 et
863 2671 1116 2707 accomm.
1153 2656 1285 2707 locis

255 2739 321 2775 zu
368 2723 536 2793 einem
582 2722 783 2790 Begriff
827 2739 1140 2777 zusammen.
1208 2724 1284 2777 Zu

258 2794 713 2857 opportunitatem
737 2796 990 2859 temporis
1006 2807 1148 2845 muss
1165 2807 1285 2844 man

256 2860 456 2924 agendi
472 2861 742 2926 ergfinzen.
781 2864 994 2913 occasio
1014 2860 1170 2914 deckt
1191 2860 1285 2913 das

255 2927 574 2993 griechische
592 2921 837 3001 εὐκαιρία
864 2929 1006 2982 nicht
1024 2945 1155 2996 ganz
1169 2968 1183 2993 ,
1221 2929 1284 2981 da

255 2995 398 3048 datin
434 2996 578 3049 mehr
612 2995 702 3049 der
718 2996 919 3064 Begriff
946 2996 1039 3050 des
1072 2997 1285 3050 Zufalli-

257 3077 356 3129 gen
379 3063 522 3130 liegt.
567 3063 710 3117 Doch
738 3066 840 3133 vgl.
860 3066 927 3117 do
942 3070 1050 3118 inv.
1070 3065 1091 3117 1
1111 3069 1194 3131 27,
1211 3069 1280 3120 40

259 3131 480 3184 Occasio
500 3138 721 3199 estpars
738 3137 990 3200 temporie
1007 3136 1207 3186 habens
1222 3137 1283 3186 in

1389 2178 1774 2246 Wohlgefallen
1809 2180 1899 2233 der
1921 2179 2294 2236 Mitoenschen
2331 2195 2419 2247 ge·

1387 2247 1542 2315 legen
1576 2248 1660 2301 ist.
1746 2247 1846 2301 Cic.
1886 2248 2065 2302 deutet
2099 2248 2199 2302 den
2236 2248 2422 2302 Unter-

1386 2316 1565 2369 schied
1599 2317 1862 2369 zwischen
1898 2311 2123 2379 εὐταξία
2156 2317 2262 2370 und
2281 2334 2419 2384 pru-

1388 2385 1575 2436 dentia
1612 2400 1675 2437 an
1710 2385 1807 2438 mit
1840 2384 1942 2438 den
1978 2385 2219 2438 Worteu:
2281 2402 2424 2451 quae

1380 2456 1667 2519 pertinent
1713 2454 1786 2504 ad
1831 2454 2207 2505 verecundiam
2260 2458 2314 2504 et
2346 2454 2420 2505 ad

1388 2535 1574 2572 eorum
1603 2522 2065 2587 approbationem,
2101 2524 2418 2587 quibuscum

1380 2591 1632 2643 vivimus.

1459 2659 1507 2708 8.
1519 2658 1800 2723 principio
1818 2671 1960 2708 muss
1980 2655 2091 2708 sich
2109 2655 2301 2709 ebensc
2316 2657 2421 2708 wie

1386 2739 1484 2776 suo
1506 2724 1623 2804 toco
1655 2724 1747 2776 auf
1772 2739 1816 2775 c.
1836 2728 1867 2776 6
1887 2724 2160 2803 beziehen,
2191 2739 2276 2776 wo
2297 2724 2419 2776 aber

1388 2791 2127 2927 531223‘3232'2231533235
2131 2792 2418 2915 &iiim

1458 2931 1508 2983 9.
1545 2945 1683 2995 quae
1706 2934 1917 2981 erant—
1929 2932 2187 2996 propria:
2222 2929 2277 2981 in
2302 2927 2424 2981 dem

1387 2996 1687 3050 Gebraucbe
1714 2996 1806 3050 des
1828 2996 2125 3064 Imperfects
2150 2998 2277 3063 liegt
2304 2997 2428 3049 eine·

1388 3066 1611 3132 gewisse
1645 3065 2013 3137 Brachylogie,
2050 3081 2108 3118 es
2141 3066 2214 3118 ist
2248 3065 2423 3132 gleicb

1386 3150 1524 3200 quae
1537 3136 1770 3200 propria
1789 3150 1896 3184 esse
1906 3150 2070 3200 super
2088 3134 2418 3186 demonstra—

254 3216 310 3250 εε
321 3200 555 3253 alicuius
572 3204 656 3251 rei
670 3202 921 3254 idoneam
930 3200 1176 3264 faciendi
1187 3209 1288 3255 aut
1382 3205 1574 3254 vimus.
1629 3201 1836 3254 Ebenso
1870 3200 1912 3252 11
1936 3200 1969 3268 3
1990 3205 2054 3254 36
2090 3206 2211 3253 erat
2241 3203 2430 3265 igitur·

254 3283 366 3319 non
399 3266 642 3329 faciendi
670 3274 1144 3336 opportunitatem.
1180 3269 1282 3323 Das

255 3334 563 3401 Gegentheil
582 3335 670 3388 der
686 3331 839 3388 εὖκαι
875 3342 933 3389 la
956 3339 1024 3390 ist
1042 3336 1284 3410 ἀκαιρία,

256 3403 358 3455 wie
412 3403 486 3455 sie
541 3402 686 3456 Theo
723 3405 842 3457 bras
917 3406 1062 3459 Char.
1105 3410 1166 3460 12
1219 3423 1285 3459 an

256 3471 549 3540 Beispielen
586 3472 696 3525 sebi
718 3472 845 3526 dert.

326 3544 373 3621 ἵ.
408 3540 732 3622 pmgdentia,
768 3537 1030 3611 φρόνησις
1062 3542 1133 3594 ist
1167 3542 1282 3594 ἑπι-

257 3624 434 3675 στημη
482 3628 566 3661 ων
606 3612 868 3674 ποιητέον
904 3612 996 3660 καὶ
1029 3604 1092 3661 οὗ
1129 3626 1282 3675 ποιη-

255 3679 400 3729 τέον.
444 3676 526 3728 Ibr
562 3678 962 3745 untergeordnet
993 3677 1064 3730 ist
1097 3673 1280 3745 εὔβου-

257 3740 376 3805 Ma,
431 3740 699 3813 ἐπιστήμη
734 3746 834 3798 τοῦ
870 3748 1005 3798 ποῖα
1039 3748 1129 3796 καὶ
1165 3746 1285 3799 πῶς

257 3807 591 3883 πράττοντες
648 3809 926 3887 πράξομεν
982 3829 1050 3865 συ
1135 3810 1282 3894 solm-

255 3895 381 3933 τως.
451 3880 559 3932 Auf
606 3882 718 3936 Zeit
774 3882 880 3937 und
931 3832 1285 3935 Verlffimsse

256 3947 543 4003 Rucksicht
576 3966 642 4002 zu
676 3953 895 4005 nehmen
930 3951 1157 4004 schreibt
1186 3962 1284 4004 uns

1386 3286 1457 3321 εω
1493 3272 1685 3321 tribus.
1742 3268 1842 3321 Der
1877 3268 2144 3322 Gebrauch
2180 3269 2250 3321 ist
2284 3270 2416 3321 auch

1380 3338 1460 3392 im
1483 3336 1847 3390 Griechischen
1872 3337 2015 3403 nicht
2038 3337 2221 3391 selten.
2283 3335 2418 3393 Plat.

1389 3406 1510 3459 Grit.
1560 3409 1625 3459 47
1657 3405 1700 3457 D
1750 3392 1799 3470 ᾧ
1845 3404 1893 3456 εἰ
1939 3402 2015 3473 μὴ
2048 3399 2417 3469 ἀκολουθήσο-

1385 3493 1516 3542 pov,
1597 3468 1691 3525 δια
1737 3471 2011 3543 θεροῦμεν
2079 3476 2253 3525 ἐκεῖνο
2324 3478 2417 3525 καὶ

1386 3537 1677 3610 λωβησόμε
1727 3561 1792 3605 α,
1847 3536 1879 3594 ὃ
1931 3541 2013 3609 τῷ
2061 3538 2258 3608 δικαίῳ
2296 3539 2417 3605 βέλ-

1385 3629 1508 3663 τιον
1567 3612 1595 3662 ἑ
1650 3615 1917 3682 ίγνετο,
1975 3610 2057 3676 τῷ
2119 3606 2180 3662 δὲ
2236 3604 2422 3675 ἀδίκῳ

1384 3671 1580 3731 cinai).
1633 3697 1765 3732 υτο.

1460 3751 1539 3801 14.
1553 3751 1804 3800 oratione
1816 3749 2102 3811 constanti,
2120 3746 2261 3798 einer
2275 3746 2418 3798 wohl

1386 3816 1834 3882 ausgearbeiteten
1856 3813 2022 3881 Rede,
2057 3815 2110 3866 in
2146 3814 2236 3866 der
2263 3807 2415 3879 jedes

1385 3883 1630 3936 Einzelne
1667 3884 1783 3936 dem
1818 3883 2024 3936 Ganzen
2062 3882 2368 3950 entspricht.

1461 3955 1540 4005 15.
1567 3954 1816 4004 convivio
1836 3952 2033 4018 digna,
2058 3950 2295 4016 Scherze,
2314 3951 2424 4002 wie
