2813 4537
354 273 478 334 142
923 277 1009 333 DE
1045 276 1306 331 OFFlCllS
1342 278 1537 333 Ι.1Β.Π.
1592 277 1734 335 CAP.
1759 284 1807 335 9.
1849 284 1928 335 10.

350 452 528 514 bonis
553 452 726 527 viris,
769 452 849 514 ita
879 452 1025 514 fides
1052 450 1335 525 habetur,
1374 459 1445 513 ut
1478 451 1640 514 nulla
1669 452 1746 513 sit
1774 451 1837 514 in
1867 452 1940 515 iis
1968 453 2189 516 fraudis
2218 454 2496 518 iniuriae-

350 556 466 617 que
495 537 764 618 suspitio.
829 537 1034 617 Itaque
1063 536 1158 598 his
1185 537 1435 599 salutem
1464 547 1746 612 nostram,
1784 537 1878 600 bis
1907 539 2197 615 fortunas,
2226 541 2321 602 his
2349 541 2495 603 libe-

245 628 307 681 34
349 641 448 685 ros
490 622 814 684 rectissime
855 621 1142 684 committi
1185 621 1558 684 arbitramur.
1633 622 1856 684 Harum
1904 624 2083 703 igitur
2125 625 2373 687 duarum
2422 628 2494 689 ad

348 709 525 769 fidem
554 708 880 770 faciendam
908 707 1130 769 iustitia
1161 707 1294 787 plus
1323 706 1528 788 pollet,
1558 708 1782 788 quippe
1812 727 1947 770 cum
1978 729 2044 771 ea
2073 710 2204 771 sine
2233 712 2495 791 pruden-

346 794 426 854 tia
457 794 597 854 satis
624 793 837 855 babeat
863 791 1257 867 auctoritatis3
1303 792 1617 873 prudentia
1659 793 1790 854 sine
1819 794 2036 856 iustitia
2068 795 2214 856 nibil
2242 797 2394 859 valet
2420 798 2492 858 ad
2522 809 2557 859 5

345 878 672 940 faciendam
701 880 899 940 fidem.
971 876 1102 948 Quo
1132 878 1293 938 enim
1322 878 1458 957 quis
1484 878 1775 941 versutior
1807 889 1866 941 et
1906 879 2201 955 callidior,
2240 882 2356 943 hoc
2398 881 2493 943 in·

340 964 523 1026 visior
553 973 612 1025 et
638 964 975 1044 suspeetior
1000 963 1256 1024 detracta
1293 963 1577 1043 opinione
1612 963 1944 1043 probitatis,
2018 962 2205 1035 Quam
2246 966 2323 1028 ob
2366 985 2492 1029 rem

343 1049 781 1127 intellegentiae
810 1048 1034 1110 iustitia
1065 1048 1385 1110 coniuncta
1417 1057 1701 1128 quantum
1736 1049 1889 1112 volet
1917 1050 2155 1112 babebit
2174 1051 2245 1112 ad
2270 1051 2491 1114 facien-

343 1134 478 1196 dam
520 1135 695 1197 fidem
740 1132 981 1195 virium:
1028 1132 1248 1196 iustitia
1276 1132 1405 1195 sine
1434 1134 1750 1215 prudentia
1775 1135 2031 1197 multum
2068 1137 2317 1216 poterit,
2361 1137 2491 1199 sine

342 1219 560 1281 iustitia
588 1217 738 1281 nihil
766 1217 979 1281 valebit
1005 1217 1338 1299 prudentia.

235 1301 309 1357 1⁰
514 1303 629 1366 Sed
675 1323 753 1366 ne
794 1304 930 1385 quis
969 1304 1048 1366 sit
1087 1305 1406 1366 admiratus
1448 1322 1584 1379 cur,
1639 1321 1776 1366 cum
1828 1303 1982 1366 inter
2037 1322 2245 1367 omnes
2295 1306 2489 1386 philo·

235 1382 297 1434 35
340 1392 564 1470 sophos
592 1398 825 1452 constet
852 1409 885 1451 a
914 1407 1130 1469 meque
1156 1389 1289 1470 ipso
1318 1407 1495 1470 saepe
1523 1389 1884 1469 disputatum
1915 1390 2010 1464 sit,
2043 1391 2146 1470 qui
2175 1410 2355 1453 unam
2384 1392 2487 1453 ba-

336 1474 509 1538 beret
547 1492 755 1537 omnes
793 1474 1013 1537 habere
1052 1474 1327 1546 virtutes,
1370 1494 1535 1536 nune
1574 1474 1655 1535 ita
1701 1474 2038 1554 seiungam,
2085 1476 2253 1556 quasi
2299 1477 2487 1558 possit

338 1561 682 1642 quisquam,
724 1561 826 1640 qui
857 1577 979 1621 non
1009 1559 1167 1621 idem
1200 1561 1468 1640 prudens
1494 1559 1602 1633 sit,
1643 1558 1838 1622 iustus
1879 1579 2041 1635 esse,
2084 1560 2196 1623 alia
2238 1573 2327 1623 est
2365 1561 2485 1637 illa,

336 1664 472 1707 eum
505 1646 719 1708 veritas
745 1645 871 1727 ipsa
899 1645 1138 1707 limatur
1167 1645 1229 1707 in
1259 1644 1688 1726 disputatione,
1719 1644 2042 1720 subtilitas,
2083 1645 2215 1719 alia,
2245 1665 2379 1708 cum
2409 1649 2482 1709 ad

336 1731 680 1812 opinionem
722 1748 1099 1792 communem
1141 1730 1338 1792 omnis
1376 1730 1855 1792 accommodatur
1898 1731 2104 1792 oratio.
2177 1730 2364 1803 Quam
2404 1731 2481 1793 ob

333 1834 460 1878 rem
479 1862 495 1892 ,
525 1825 595 1878 ut
621 1815 873 1896 volgus„
889 1815 968 1877 ita
999 1834 1111 1877 nos
1139 1816 1254 1877 boc
1281 1816 1420 1877 loco
1447 1815 1776 1896 loquimur,
1816 1823 1884 1877 ut
1913 1816 2060 1878 alios
2090 1816 2306 1892 fortes,
2335 1816 2484 1879 alios

338 1902 493 1963 viros
535 1902 759 1977 bonos,
804 1901 952 1963 alios
992 1901 1320 1982 prudentes
1359 1920 1489 1963 esse
1531 1901 1812 1962 dicamus·
1885 1900 2279 1981 Popularibus
2322 1903 2481 1964 enim

333 1986 531 2049 verbis
569 1995 658 2049 est
696 1987 987 2067 agendum
1032 1995 1092 2047 et
1133 1987 1394 2061 usitatiS,
1438 2005 1575 2049 cum
1614 1985 1915 2066 loquimur
1954 1987 2027 2047 de
2057 1986 2340 2067 opinione
2370 2006 2481 2068 po·

1455 2120 1657 2171 manda
1680 2124 1772 2171 est.
1822 2124 1906 2184 41,
1932 2122 2022 2173 127
2050 2119 2336 2184 indagatio
2360 2123 2481 2186 ipsa

1455 2204 1640 2239 rerum
1664 2218 1700 2227 -
1728 2190 1885 2239 habet
1918 2189 2338 2240 oblectationem.
2390 2186 2480 2240 Sie

1457 2255 1597 2309 steht.
1623 2273 1687 2310 zu
1724 2259 1908 2323 opinio
1936 2258 2229 2309 communis
2261 2256 2316 2309 in
2340 2255 2481 2309 dem·

1458 2325 1637 2378 selben
1672 2324 1959 2391 Gegensatz
1998 2326 2098 2377 wie
2132 2324 2216 2377 die
2251 2326 2482 2393 philoso-

1457 2393 1669 2460 phisclie
1705 2392 2127 2460 Untersucbung,
2164 2393 2479 2459 disputatio,

2534 1233 2599 1285 to

2527 1661 2591 1712 15

332 2123 416 2171 ita
464 2122 691 2171 habetur
740 2119 875 2182 fidet
924 2119 1065 2171 wire
1108 2117 1354 2184 aufffiIHg,

332 2187 439 2240 und
489 2186 573 2239 die
623 2187 938 2255 Paraphrase
984 2186 1069 2238 bei
1103 2187 1277 2241 Ambr.
1314 2186 1356 2238 11

334 2273 378 2309 c.
397 2258 427 2309 8
463 2254 606 2318 facit
625 2259 769 2308 enim
790 2258 1000 2308 iustitia
1021 2261 1085 2307 ul
1106 2255 1260 2307 nulla
1280 2257 1356 2306 sit

327 2325 546 2386 fraudis
561 2331 732 2376 metus
755 2325 928 2378 maeht
945 2324 1027 2377 die
1045 2324 1355 2377 Unachtheit

330 2392 423 2445 des
492 2393 738 2446 Zusatzes
807 2393 940 2447 noch
1010 2393 1356 2446 wahrscbein-

329 2461 505 2515 licher.

400 2532 446 2583 1.
491 2533 572 2581 ita
605 2530 738 2592 fidos
771 2531 890 2582 hab.
926 2535 990 2581 ut
1021 2556 1064 2567 -
1097 2531 1347 2596 suspitio,

327 2604 478 2651 unter
499 2597 591 2650 der
617 2598 931 2664 Bedingung,
968 2597 1088 2650 dass
1123 2597 1198 2649 sie
1225 2597 1347 2649 kein

326 2664 586 2719 Verdaeht
618 2666 772 2731 trifft,
805 2666 910 2732 vgl.
945 2665 967 2718 1
1001 2665 1034 2733 ἦ
1061 2668 1142 2719 88.

399 2739 478 2788 11.
501 2738 647 2786 inter·
665 2749 846 2784 omnes
863 2734 1208 2800 philosophos
1225 2749 1349 2784 eon-

322 2808 444 2857 stet.
492 2802 594 2854 Das
616 2804 688 2854 ist
720 2805 886 2854 etwas
921 2817 984 2853 zu
1019 2801 1124 2852 viel
1148 2807 1348 2868 gesagt.

324 2869 470 2922 Denn
504 2884 643 2921 zwar
675 2868 873 2921 lehrten
909 2868 1010 2921 alle
1032 2884 1136 2922 von
1162 2868 1350 2920 Sokra-

325 2943 406 2990 tes
425 2937 751 3003 ausgehende
770 2935 995 2989 Schulen
1014 2937 1129 2988 eine
1141 2936 1347 2989 Einheit

325 3004 432 3057 und
464 3004 907 3072 Zusammenhang
953 3004 1042 3056 der
1077 3004 1345 3056 einzelnen

322 3072 622 3140 Tugenden‚
653 3072 824 3125 indem
842 3073 917 3125 sie
942 3072 1043 3125 alle
1062 3072 1343 3139 Tugenden

323 3141 414 3194 aut'
436 3141 527 3193 das
546 3140 755 3194 Wissen
774 3140 1197 3203 zuruekffihrten,
1222 3140 1345 3193 aber

319 3211 530 3331 {³513
558 3208 1233 3331 &ztid‘ssssssbfflffffiz‘z
1251 3208 1343 3329 3¹1³?

317 3294 899 3466 aaran&
916 3347 1343 3467 &uenatum

390 3485 468 3535 12.
505 3498 540 3533 a
571 3497 759 3548 meque
790 3486 814 3532 i
848 3499 906 3534 so
945 3499 1131 3550 saepe.-
1166 3482 1231 3534 de
1248 3480 1338 3536 fin.

315 3549 362 3602 V
389 3554 472 3617 23,
490 3553 573 3604 66.
608 3549 762 3604 Tuse.
872 3554 920 3616 7,
945 3551 1061 3604 141.
1096 3549 1339 3603 Academ.

313 3619 336 3671 1
379 3623 453 3685 1⁰,
470 3623 552 3674 38.
600 3617 717 3686 Vgl.
753 3619 885 3673 Einl.
923 3620 955 3686 ξ
986 3621 1063 3672 18.

391 3692 469 3741 15.
519 3691 721 3739 veritas
752 3689 900 3754 ipsa,
952 3687 1035 3740 die
1072 3686 1339 3739 Walirbeit

316 3772 381 3809 an
434 3756 573 3821 sich,
625 3755 708 3808 die
750 3756 1009 3808 abstracte
1045 3754 1334 3816 Wahrbeit3

313 3840 377 3876 zu
404 3824 437 3890 ξ
461 3825 538 3876 19.
573 3824 732 3878 Acad.
767 3823 808 3875 11
843 3826 925 3889 38,
956 3826 1050 3877 120
1084 3829 1149 3875 ut
1181 3827 1340 3875 entit-

1457 2477 1519 2513 zu
1555 2464 1762 2526 oratio,
1815 2477 1856 2513 s.
1895 2477 1957 2514 zu
1991 2460 2013 2513 1
2048 2463 2082 2528 §
2105 2466 2137 2514 4
2173 2462 2481 2528 disputator

1448 2529 1686 2594 subtilis,
1736 2534 1926 2581 orator
1954 2546 2152 2597 parum
2188 2533 2477 2581 vehemens.

1447 2596 1555 2664 vgl.
1590 2597 1611 2649 1
1645 2601 1726 2663 37,
1754 2601 1861 2651 132.

1519 2666 1771 2717 limatur.-
1824 2666 1915 2718 dns
1968 2664 2278 2732 eigentliche
2325 2665 2479 2719 Wort

1449 2749 1571 2854 {mli
1589 2733 2033 2854 ρᾟέεἳιέὴῗοὴοτ
2052 2732 2473 2853 [Ιιιιοι-ῗξὶίῑωιιςς

1486 2817 1515 2854 e
1575 2818 1623 2854 n.
1899 2817 1971 2854 uo
2029 2818 2190 2854 encra
2230 2819 2251 2853 ι
2320 2817 2475 2853 orum

1448 2876 1591 2934 sunt,
1626 2841 1796 2920 unu’vtz
1823 2817 2170 2936 populbaerzriter
2196 2874 2474 2936 seriptum,

1448 2938 1595 3004 quod
1613 2934 1938 3007 ἐξωτερικῶν
1958 2938 2315 3005 appellabant,
2341 2939 2476 2990 alte-

1447 3022 1571 3058 rum
1591 3006 1703 3056 lim
1715 3022 1748 3056 a
1762 3009 1814 3057 ti
1821 3021 1909 3057 us.
1927 3005 2166 3059 Dieselbe
2179 3005 2474 3071 Scheidung

1446 3074 1705 3125 zwischen
1733 3074 1936 3141 philoso
1974 3074 2177 3127 hischer
2203 3073 2472 3125 Wahrheit.

1444 3143 1553 3194 und
1587 3141 1684 3194 den
1710 3140 1906 3208 Regeln
1963 3147 2023 3195 ur
2058 3143 2149 3194 das
2177 3140 2472 3209 praktische

1445 3208 1616 3263 Leben
1669 3210 1812 3263 stellt
1866 3211 1969 3265 Cic.
2022 3210 2083 3262 111
2135 3209 2168 3277 ξ
2212 3213 2269 3263 13
2289 3209 2326 3263 s.
2363 3209 2468 3263 aus.

1447 3276 1620 3330 Schon
1645 3293 1738 3330 vor
1760 3278 2038 3332 Panaetius
2069 3279 2228 3331 sahen
2252 3278 2362 3331 sich
2386 3277 2473 3331 die

1447 3343 1654 3398 Stoiker
1677 3361 1740 3399 zu
1765 3347 1906 3398 einer
1936 3346 2147 3399 solehen
2175 3345 2474 3412 Sebeidung

1443 3413 1714 3480 &enothigt
1749 3418 1810 3479 (S.
1835 3414 1968 3469 Einl.
1999 3414 2033 3481 ᾖ
2055 3416 2157 3478 23),
2191 3414 2469 3467 Panaetius

1443 3482 1608 3535 selbst
1653 3482 1891 3535 milderte
1938 3481 2073 3535 dann
2121 3482 2204 3534 die
2240 3482 2470 3535 stoiscbe

1443 3549 1662 3617 Sti-enge
1691 3550 1744 3602 in
1775 3550 1947 3604 vielen
1964 3549 2230 3616 Punkten,
2271 3564 2312 3602 ε.
2332 3549 2467 3605 Einl.

1442 3621 1474 3684 ᾖ
1495 3621 1577 3672 27.
1614 3618 1678 3671 de
1702 3617 1792 3673 fin.
1816 3617 1883 3670 1v
1910 3621 1993 3684 28,
2013 3621 2096 3671 79.
2134 3618 2308 3683 Quam
2343 3618 2467 3670 illo-

1440 3703 1564 3738 rum
1600 3690 1886 3738 tristitiam
1929 3692 2090 3753 atque
2124 3691 2470 3752 asperitatem

1437 3752 1659 3822 fugiens
1681 3757 1969 3807 Panaetius
1999 3770 2099 3807 nee
2121 3757 2468 3807 acerbitatem

1436 3822 1826 3876 ammaim-um
1846 3839 1947 3875 nee
1969 3823 2268 3877 disserendi
2282 3826 2472 3890 spinas

316 3898 427 3944 tam
473 3891 742 3942 levitatem
795 3896 993 3942 temere
1047 3894 1338 3943 assentien-
1432 3894 1703 3959 probavit.

314 3963 483 4029 tium,
539 3963 732 4027 quanti
764 3959 985 4012 libertae
1024 3963 1145 4028 ipsa
1179 3963 1339 4013 aesti-

1511 3963 1590 4014 18.
1626 3963 1772 4014 virve
1806 3963 1999 4014 bonos:
2032 3975 2082 4017 z.
2115 3958 2138 4012 1
2175 3958 2309 4027 §2⁰-
