2813 4537
99 2080 163 2131 20

765 278 848 332 DE
886 277 1145 332 OFFICIIS
1180 279 1296 333 LlB.
1317 278 1393 332 111.
1449 278 1590 334 CAP.
1619 282 1692 334 13.
1737 283 1814 333 14.

2244 277 2366 338 207

217 470 369 531 quae
411 458 608 532 potest
649 449 824 513 esse?
897 451 1002 513 Sin
1047 460 1245 513 autem
1286 451 1513 514 dictum
1559 471 1682 513 non
1730 470 1908 513 omne
1948 454 2370 533 praestandum

215 544 323 612 est,
373 537 531 617 quod
562 536 786 598 dictum
817 556 942 598 non
976 545 1082 613 est,
1114 537 1174 598 id
1202 537 1624 617 praestandum
1653 535 1869 617 putas?
1929 537 2084 609 Quid
2113 556 2252 599 vero
2283 548 2372 601 est

212 622 451 685 stultius
491 640 668 702 quam
711 622 1078 684 venditorem
1122 622 1250 684 eius
1292 623 1396 698 rei,
1440 642 1617 702 quam
1645 623 1875 697 vendat,
1916 623 2054 684 vitia
2085 621 2370 685 narrare?

215 706 371 779 Quid
393 715 590 769 autem
611 715 734 768 tam
755 707 1080 770 absurdum
1105 726 1281 787 quam
1311 708 1361 769 si
1390 708 1616 769 domini
1646 708 1811 769 iussu
1840 708 1921 769 ita
1950 727 2165 787 praeco
2195 728 2367 789 prae-

132 803 168 854 5
213 792 396 855 dicet:
428 793 719 854 domum
750 793 1250 873 pestilentem
1280 791 1586 854 vendo‘P
1618 793 1716 854 Sic
1745 811 1888 873 ergo
1921 793 1983 854 in
2016 794 2367 873 quibusdam
2408 806 2468 857 56

212 877 408 940 causis
435 878 630 941 dubiis
658 897 730 939 ex
760 878 938 940 altera
968 886 1138 959 parte
1168 878 1507 941 defenditur
1533 880 1830 954 honestas,
1873 897 1945 940 ex
1963 880 2155 940 altera
2184 879 2264 940 ita
2294 879 2367 940 de

211 963 462 1025 utilitate
493 963 728 1038 dicitur,
772 971 838 1025 ut
865 963 942 1039 id,
989 964 1148 1043 quod
1178 964 1323 1025 utile
1349 964 1634 1038 videatur,
1671 983 1795 1025 non
1824 965 2001 1025 modo
2030 966 2227 1025 facere
2255 965 2365 1024 ho-

213 1057 450 1110 nestum
480 1048 574 1125 sit,
614 1050 719 1111 sed
749 1049 924 1110 etiam
954 1068 1077 1111 non
1110 1049 1305 1111 facere
1335 1057 1530 1129 turpe.
1591 1049 1751 1112 Haec
1781 1058 1871 1112 est
1899 1050 1996 1111 illa
2026 1068 2176 1130 quae
2205 1049 2364 1110 vide-

210 1141 311 1195 tur
339 1133 572 1196 utilium
601 1134 732 1195 fieri
761 1153 897 1195 cum
924 1134 1193 1196 honestis
1220 1153 1396 1214 saepe
1426 1135 1735 1197 dissensio,
1797 1135 1962 1207 Quae
1992 1133 2365 1197 diiudicanda

101 1230 171 1280 10
211 1228 383 1281 sunt:
430 1239 554 1281 non
585 1219 763 1295 enim,
805 1227 872 1280 ut
901 1238 1340 1299 quaereremuS‚
1383 1220 1783 1301 exposuimuS‚
1814 1222 1918 1282 sed
1946 1228 2014 1282 ut
2041 1220 2365 1300 explicare-

210 1323 363 1366 mus.
422 1304 557 1367 Non
600 1305 782 1384 igitur
822 1304 1052 1366 videtur
1091 1324 1203 1367 nec
1247 1304 1671 1367 frumentarius
1713 1305 1810 1366 ille
1839 1305 2101 1367 Rhodios
2131 1325 2242 1368 nec
2270 1306 2367 1367 hic
2409 1317 2467 1368 5⁸1

211 1389 444 1451 aedium
484 1390 754 1452 venditor
796 1391 986 1452 celare
1031 1399 1331 1471 emptores
1371 1391 1665 1453 debuisse.
1724 1390 1931 1471 Neque
1976 1390 2137 1451 enim
2180 1391 2237 1451 id
2277 1399 2367 1451 est

210 1475 431 1550 celare,
482 1475 765 1555 quicquid
804 1476 1069 1551 reticeaS‚
1122 1477 1226 1538 sed
1267 1496 1424 1552 cum,
1469 1478 1629 1557 quod
1670 1482 1736 1537 tu
1778 1477 1946 1551 scias,
1987 1476 2047 1536 id
2090 1476 2366 1556 ignorare

210 1560 598 1622 emolumenti
640 1560 729 1622 tui
769 1579 944 1622 causa
985 1561 1128 1624 velis
1168 1581 1290 1639 eos,
1335 1580 1592 1643 quorum
1636 1562 1874 1623 intersit
1915 1562 1976 1623 id
2004 1561 2175 1623 scire.
2235 1560 2364 1621 Hoc

101 1653 163 1706 15
207 1653 406 1708 autem
443 1646 674 1707 celandi
702 1665 894 1725 genus
924 1647 1095 1726 quale
1126 1647 1202 1709 sit
1232 1655 1293 1709 et
1321 1648 1493 1709 cuius
1520 1646 1797 1722 hominiS,
1844 1647 1975 1726 quis
2007 1666 2130 1708 non
2160 1643 2364 1708 videt?

211 1730 382 1792 Certe
424 1750 546 1793 non
592 1731 782 1811 aperti
810 1750 934 1792 non
965 1731 1264 1812 simpliciS‚
1307 1752 1432 1794 non
1463 1731 1712 1811 ingenui
1743 1750 1866 1792 non
1896 1732 2055 1806 iusti,
2100 1750 2224 1792 non
2255 1732 2365 1792 vir-i

208 1816 372 1891 boni,
415 1816 639 1878 versuti
681 1816 881 1895 potius
919 1816 1177 1891 obscuri,
1221 1818 1398 1879 astuti
1429 1817 1668 1892 fallaciS,
1710 1816 1988 1877 malitiosi
2018 1815 2231 1890 callidi,
2261 1834 2362 1876 ve-

207 1901 482 1963 teratoris
524 1901 688 1963 vafri.
749 1901 909 1963 Haec
941 1909 1031 1963 tot
1060 1909 1119 1963 et
1148 1902 1259 1964 alia
1288 1902 1461 1982 plura
1491 1920 1698 1964 nonne
1728 1901 1938 1963 inutile
1968 1910 2058 1964 est
2085 1900 2363 1962 vitiorum

206 1986 406 2048 subire
435 1985 723 2048 nomina?

376 2071 550 2143 Quod
593 2073 644 2135 si
678 2071 1053 2152 vituperandi
1083 2072 1187 2153 qui
1214 2073 1604 2148 reticuerunt,
1646 2072 1787 2151 quid
1816 2072 1890 2154 (le
1919 2071 1990 2132 iis
2020 2071 2360 2133 existiman·
2392 2079 2467 2134 14

206 2203 421 2257 lichkeit
456 2205 567 2257 sich
601 2206 765 2259 selbst
807 2222 872 2259 zu
907 2206 1233 2274 iiberzeugen

206 2273 314 2338 hat,
349 2271 455 2325 und
478 2274 671 2326 ebenso
695 2275 921 2327 schreibt
946 2275 1027 2327 ein
1047 2275 1232 2327 Gesetz

205 2356 324 2392 vor:
363 2356 443 2404 ea,
471 2357 607 2406 quae
637 2343 1048 2393 commendandi
1071 2359 1236 2394 cama

203 2413 265 2461 in
280 2408 680 2460 venditionibus
695 2411 969 2475 dicuntur,
986 2413 1037 2460 si
1045 2410 1235 2477 palam

207 2482 535 2544 appareant,
582 2478 913 2528 venditorem
957 2493 1067 2529 non
1104 2477 1236 2528 obli-

201 2550 369 2611 gant(
378 2545 427 2599 d.
444 2544 494 2598 h.
521 2545 860 2614 verpssichten
878 2545 968 2598 ihn
990 2545 1132 2597 nicht
1153 2544 1234 2597 fiir

207 2612 300 2665 das
319 2613 542 2680 Gesagte
560 2614 912 2679 einzustehen‚
928 2615 1235 2681 praestare)

206 2681 374 2732 veluti
406 2686 456 2732 si
488 2682 637 2734 dieat
667 2698 879 2733 servum
922 2685 1236 2749 epea-imum,

207 2750 424 2801 domum
458 2753 588 2801 bene
622 2751 978 2813 aedificatam.

296 2839 340 2887 1.
391 2834 491 2887 Sin
544 2839 726 2886 autem
772 2835 912 2888 ffihrt
946 2834 1058 2886 hier
1092 2833 1235 2887 nicht

206 2902 359 2954 einen
410 2902 484 2955 Ge
523 2908 697 2954 ensatz
762 2919 826 2956 zu
886 2903 976 2955 der
1025 2902 1232 2955 vorher-

207 2969 477 3038 gehenden
545 2970 806 3038 edingung
829 2974 889 3036 (s,
926 2987 971 3023 z.
1007 2970 1028 3022 1
1065 2971 1230 3038 5126)

206 3039 308 3105 ein,
345 3038 566 3091 sondern
592 3039 706 3091 eine
741 3038 833 3092 auf
858 3039 941 3092 die
966 3039 1234 3091 Annahme

206 3108 297 3162 der
346 3113 517 3161 ersten
561 3107 867 3175 Bedingung
916 3107 1232 3175 gegrfindete

204 3175 512 3242 Folgerung.
567 3175 636 3229 So
661 3176 792 3228 wird
827 3192 883 3229 es
919 3176 1110 3229 seltner
1146 3192 1235 3243 ge-

203 3244 439 3307 braucht,
474 3244 606 3296 doch
641 3244 748 3311 vgl.
786 3245 850 3296 de
875 3244 976 3296 div.
1014 3243 1056 3295 11
1093 3248 1141 3310 7,
1171 3248 1232 3299 18

201 3315 252 3363 si
288 3313 430 3361 enim
462 3314 590 3375 seit,
639 3317 783 3363 certe
826 3312 970 3363 illud
1014 3315 1233 3378 eveniet,

201 3384 291 3432 sin
313 3384 454 3430 certe
477 3379 874 3444 eveniet,‚nulla
889 3378 1119 3441 fortuna
1140 3385 1232 3432 est.

206 3449 271 3501 de
307 3447 445 3500 deor.
483 3450 587 3498 nat.
622 3446 683 3498 111
721 3450 800 3509 18,
832 3450 898 3500 46
955 3447 1230 3511 Quomodo

204 3521 386 3568 autem
417 3520 568 3582 potes
594 3517 644 3565 si
665 3514 934 3566 Latonam
957 3515 1110 3566 deam
1127 3532 1232 3584 pu-

168 3608 175 3614 ·
209 3590 318 3650 tas,
366 3585 620 3636 Hecatam
654 3599 764 3635 non
795 3587 1025 3650 putare?
1058 3612 1102 3622 -
1146 3587 1233 3634 sin

206 3655 339 3705 haee
384 3653 483 3703 dea
532 3657 637 3718 est,
691 3668 790 3704 cur
836 3668 945 3703 non
980 3653 1234 3704 Eumeni-

208 3723 331 3773 des?

277 3808 324 3858 9.
364 3805 527 3871 Quae,
562 3804 644 3857 die
681 3804 1017 3872 angeffihrten
1050 3803 1232 3856 Streit-

205 3874 347 3939 fille,
383 3873 539 3926 daher
574 3873 894 3926 diiudicare.

281 3962 361 4012 10.
396 3974 506 4011 non
523 3964 587 4010 ut
602 3974 993 4024 quaereremus,
1029 3956 1075 4011 d.
1101 3957 1133 4010 i.
1171 3963 1235 4009 ut

1334 2209 1553 2259 inanem
1571 2208 1933 2272 quaestionem
1949 2210 2360 2259 institueremus.

1338 2291 1607 2341 eoeponere
1623 2275 1694 2326 im
1707 2274 1995 2341 Gegensatz
2009 2292 2073 2329 zu
2094 2277 2367 2343 emplieare

1336 2343 1405 2394 ist
1426 2343 1549 2394 kurz
1566 2343 1839 2408 andeuten,
1858 2341 1961 2394 fast
1971 2369 2036 2388 ==
2047 2360 2364 2410 proponere.

1337 2409 1479 2462 Brut.
1518 2414 1610 2475 44,
1653 2414 1748 2463 164
1794 2410 1959 2476 plura
2005 2414 2167 2462 etiam
2219 2413 2364 2463 dieta

1338 2493 1499 2543 quam
1522 2481 1743 2545 scripta,
1779 2479 1924 2542 quod
1947 2495 2016 2528 ea:
2049 2481 2366 2543 quibusdam

1339 2548 1605 2611 capitibus
1640 2549 1901 2612 expositis
1934 2561 2033 2598 nee
2077 2548 2365 2613 eoeplieatis

1336 2614 1585 2679 intellegi
1613 2618 1805 2680 potest.

1413 2701 1489 2752 12.
1525 2701 1666 2748 enim
1698 2698 1767 2750 ist
1802 2699 1897 2751 mit
1932 2699 2071 2751 einer
2108 2699 2362 2765 gewissen

1336 2765 1504 2818 Ksirze
1539 2765 1630 2817 des
1654 2765 1950 2819 Ausdrucks
1974 2774 2186 2834 gesagt:
2230 2768 2363 2820 denn

1337 2850 1392 2887 er
1411 2833 1796 2886 verheimlichte
1821 2835 1977 2888 ihnen
2002 2835 2236 2888 wirklich
2251 2877 2264 2902 ,
2299 2836 2364 2889 da

1336 2908 1485 2956 unter
1531 2903 1929 2955 verheimlichen
1978 2920 2042 2956 zu
2087 2905 2361 2956 verstehen

1334 2971 1403 3023 ist
1438 2986 1549 3024 u.S.
1574 2987 1639 3024 w,
1695 2970 1813 3038 Vgl.
1849 2971 1868 3023 l
1907 2973 2024 3033 §78
2064 2973 2188 3024 lieet
2225 2977 2364 3025 enim

1334 3040 1475 3090 milti
1508 3040 1655 3105 apud
1688 3045 1739 3090 te
1770 3041 2026 3106 gloriari.

1403 3107 1467 3157 id
1500 3112 1578 3157 est
1605 3108 1804 3173 celare,
1842 3109 2103 3174 quicquid
2121 3112 2361 3174 reticem,

1336 3175 1451 3227 eine
1486 3174 1579 3226 Art
1613 3191 1717 3228 von
1744 3176 2034 3228 Attraction
2071 3176 2152 3228 sur
2188 3177 2363 3227 celare

1336 3248 1416 3294 est
1426 3246 1654 3295 reticere
1671 3243 1897 3309 aliquid,
1918 3244 2178 3309 quioquid
2191 3244 2254 3294 id
2270 3249 2361 3295 est.

1412 3331 1490 3381 16.
1526 3330 1638 3378 viri
1672 3330 1814 3379 boni.
1881 3326 1978 3380 Mit
2013 3328 2132 3380 dem
2163 3328 2358 3381 letzten

1332 3394 1533 3464 Begriff
1563 3395 1694 3447 wird
1738 3395 1820 3447 die
1859 3411 1952 3448 aus
1998 3397 2129 3449 zwei
2166 3396 2361 3450 Paaren

1334 3463 1650 3587 ffssstghende
1728 3462 1888 3516 Reihe
1977 3480 2362 3532 zusammenge-

1411 3619 1486 3671 18.
1545 3633 1724 3669 nonne
1779 3617 1977 3667 inutile
2029 3624 2120 3670 est.
2192 3617 2361 3670 Damit

1338 3684 1447 3736 will
1471 3684 1574 3738 Cic.
1610 3685 1753 3737 nicht
1792 3684 1884 3737 das
1907 3686 2040 3737 utile
2062 3702 2180 3739 zum
2204 3686 2361 3738 hoch-

1335 3759 1450 3805 sten
1480 3752 2091 3823 Entscheidungsprincip
2128 3754 2360 3819 macheu,

1335 3821 1556 3873 sondern
1604 3837 1699 3874 nur
1731 3821 1943 3887 zeigen,
1997 3822 2114 3875 dass
2151 3823 2243 3874 das
2278 3825 2362 3873 in-

1334 3891 1610 3941 honestum
1657 3889 1892 3956 zugleich
1925 3891 2121 3942 inutile
2156 3890 2257 3952 sei;
2315 3906 2354 3943 s,

2406 2158 2465 2212 58
2533 2201 2546 2208 ,
