2813 4537
1060 713 1139 774 M.
1189 707 1449 775 TULLII
1500 709 1904 774 CICERONIS

499 863 645 962 nn
724 861 1191 970 offricus
1259 862 1418 961 AD
1491 861 1974 962 MARCUM
2048 819 2453 961 FILIUM

1220 1050 1412 1104 LIBER
1447 1048 1744 1104 TERTIUS.

338 1230 372 1285 1
577 1224 643 1286 P.
704 1223 1045 1304 Scipionem
1063 1272 1078 1300 ‚
1137 1223 1334 1285 Marce
1390 1224 1505 1300 fili,
1567 1242 1731 1299 eum,
1794 1224 1897 1302 qui
1953 1224 2183 1305 primus
2240 1224 2556 1287 Africanus

334 1311 361 1361 1
406 1310 734 1392 appellatus
775 1317 864 1371 est
879 1356 894 1385 ‚
941 1310 1137 1371 dicere
1179 1310 1419 1371 solitum
1461 1309 1698 1390 scripsit
1740 1309 1882 1371 Cato
1896 1356 1912 1385 ‚
1960 1310 2061 1388 qui
2102 1305 2214 1374 fuit
2259 1310 2386 1372 eius
2428 1311 2560 1371 fere

404 1395 694 1476 aequaIiS‚
741 1413 1065 1474 numquam
1110 1413 1173 1457 se
1214 1394 1415 1457 minus
1458 1395 1716 1457 otiosum
1761 1413 1889 1456 esse
1935 1413 2110 1474 quam
2143 1414 2279 1457 cum
2311 1399 2550 1469 otiosuS‚

404 1500 517 1548 nee
559 1481 758 1544 minus
801 1480 994 1543 solum
1036 1498 1213 1560 quam
1259 1498 1403 1542 cum
1437 1481 1598 1542 solus
1641 1488 1816 1542 esset.
1846 1479 2155 1559 Magnifica
2182 1497 2322 1542 vero
2350 1499 2464 1541 vox
2494 1488 2552 1541 et

403 1584 620 1646 magno
647 1569 771 1626 viro
803 1584 872 1627 ac
901 1566 1169 1646 sapiente
1198 1566 1409 1646 digna:
1455 1584 1605 1646 quae
1650 1565 1907 1627 declarat
1948 1565 2113 1628 illum
2145 1572 2204 1627 et
2231 1566 2294 1628 in
2326 1566 2448 1628 otio
2480 1567 2551 1627 de
2595 1580 2630 1630 5

404 1651 659 1730 negotiis
695 1651 956 1731 cogitare
1000 1659 1060 1711 et
1102 1652 1163 1712 in
1195 1651 1516 1713 solitudine
1546 1668 1750 1714 secum
1774 1651 1942 1731 loqui
1971 1651 2228 1723 solitum,
2259 1659 2327 1712 ut
2354 1670 2552 1730 neque

402 1743 661 1800 cessaret
688 1755 971 1816 umquam
1003 1744 1060 1797 et
1091 1736 1391 1802 interdum
1421 1736 1744 1817 conloquio
1772 1736 2013 1798 alterius
2042 1756 2169 1800 non
2191 1746 2409 1816 egeret.
2465 1736 2551 1798 Ita

402 1822 553 1888 duae
602 1841 699 1886 res
716 1869 730 1897 ‚
785 1840 937 1902 quae
986 1822 1334 1902 languorem
1386 1822 1663 1884 adferunt
1722 1822 1964 1897 ceteris,
2016 1822 2182 1883 illum
2239 1822 2550 1896 acuebant,

401 1908 587 1970 otium
618 1915 677 1968 et
716 1907 993 1969 solitudo.

1067 1908 1290 1969 Vellem
1336 1907 1510 1969 nobis
1551 1908 1667 1969 hoc
1708 1908 1863 1968 idem
1905 1919 2042 1968 vere
2086 1907 2281 1969 dicere
2326 1907 2549 1980 liceret,

399 1993 498 2054 sed
542 1993 592 2055 si
635 1992 834 2054 minus
879 1992 1208 2053 imitatione
1249 2001 1478 2053 tantam
1529 1991 1757 2073 ingenii
1799 1993 2219 2072 praestantiam
2262 1991 2551 2072 consequi
2593 2004 2658 2056 1⁰

397 2095 740 2155 possumus,
771 2077 1077 2138 voluntate
1106 2085 1267 2139 certe
1296 2077 1567 2157 proxime
1609 2078 1962 2139 accedimus.
2020 2081 2162 2139 Nam
2192 2086 2251 2139 et
2279 2097 2312 2138 a
2340 2096 2407 2138 re
2435 2097 2548 2157 pu—

397 2163 551 2225 blica
582 2162 1039 2241 forensibusque
1081 2162 1338 2243 negotiis
1377 2162 1556 2226 armis
1597 2162 1794 2242 impiis
1832 2163 2006 2242 vique
2047 2162 2331 2243 prohibiti
2362 2162 2549 2224 otium

398 2246 812 2329 persequimur
855 2255 916 2310 et
958 2248 1035 2310 ob
1081 2266 1211 2310 eam
1235 2281 1241 2292 ·
1262 2267 1500 2311 causam
1542 2248 1692 2310 urbe
1733 2247 1937 2310 relicta
1978 2266 2116 2310 rura
2167 2260 2551 2330 peragrantes

395 2352 573 2414 saepe
603 2334 711 2395 soli
739 2353 963 2395 sumus.
1017 2332 1134 2396 Sed
1161 2353 1273 2396 nec
1303 2336 1417 2396 hoc
1447 2334 1634 2396 otium
1665 2353 1801 2396 cum
1820 2334 2083 2396 Africani
2112 2335 2232 2399 otio
2264 2354 2377 2396 nec
2405 2335 2550 2395 haec

381 2419 652 2481 ‹solitudo
697 2438 834 2481 cum
877 2418 974 2481 illa
1004 2421 1401 2500 comparanda
1448 2427 1555 2482 est.
1639 2419 1745 2480 Ille
1776 2419 1935 2481 enim
1965 2420 2346 2500 requiescens
2389 2439 2422 2481 a
2465 2419 2551 2480 rei
2595 2431 2657 2481 15

394 2503 666 2585 publicae
708 2505 1121 2586 pulcherrimis
1161 2506 1508 2567 muneribus
1547 2504 1735 2567 otium
1779 2505 1892 2566 sibi
1934 2505 2203 2566 sumebat
2229 2505 2545 2585 aliquando

397 2598 457 2652 et
487 2610 520 2652 e
550 2597 724 2652 coetu
770 2590 1080 2653 hominum
1136 2591 1589 2671 frequentiaque
1618 2591 1920 2652 interdum
1964 2598 2265 2669 tamquam
2308 2591 2371 2652 in
2403 2609 2545 2670 por-

394 2683 522 2737 tum
554 2695 616 2738 se
646 2676 709 2736 in
741 2675 1121 2740 solitudinem
1150 2676 1493 2756 recipiebat.
1523 2676 1530 2683 '
1567 2676 1848 2737 Nostrum
1878 2683 2075 2737 autem
2107 2675 2294 2737 otium
2326 2675 2547 2755 negotii

394 2761 626 2840 inopia,
661 2779 782 2821 non
814 2761 1228 2840 requiescendi
1259 2761 1455 2823 studio
1487 2761 1878 2825 constitutum
1909 2768 2015 2822 est.
2073 2760 2353 2822 Extincto
2385 2760 2545 2823 enim

462 2928 510 2978 2.
546 2929 766 2993 ser-ipsit
795 2926 954 2978 Cato.-
991 2926 1418 2979 wahrscheinlich

393 2993 515 3046 rand
552 2993 659 3046 sich
695 2993 862 3046 dieser
894 2994 1192 3060 Ausspruch
1228 2995 1279 3047 in
1317 2995 1418 3048 den

391 3062 412 3115 Ι
443 3062 475 3130 ξ
509 3065 601 3115 104
637 3062 934 3114 erwahnten
970 3055 1079 3113 ἄπο
1125 3061 1232 3134 θ’ἐγ
1310 3083 1396 3116 τα.

462 3133 577 3182 eius
608 3127 726 3191 fere
760 3131 1013 3197 aequalis.
1064 3081 1189 3183 gato
1262 3130 1419 3198 eglei-

393 3204 500 3252 tete
547 3202 649 3253 550
697 3201 837 3261 (204)
891 3199 969 3252 als
1017 3197 1270 3260 Quaestor
1315 3198 1416 3252 den

389 3266 674 3320 Proconsul
700 3265 874 3348 Scipio
899 3266 1030 3319 nach
1056 3265 1281 3331 Sicilien,
1309 3266 1416 3320 und

390 3335 635 3388 wahrend
660 3334 833 3402 Scipio
867 3337 964 3389 549
989 3337 1130 3401 (205)
1166 3334 1260 3388 das
1285 3334 1416 3388 Con-

389 3403 866 3524 {nlatgierwaltete’
884 3418 994 3455 war
1012 3403 1137 3456 Cato
1157 3407 1256 3456 559
1271 3407 1412 3468 (195)

430 3488 524 3525 ons
583 3511 596 3524 .
736 3510 742 3524 .

458 3543 506 3594 9.
543 3541 644 3592 hoe
677 3540 818 3591 idem
852 3555 975 3590 vere
1004 3540 1182 3592 dicere
1219 3540 1415 3605 liceret,

388 3608 628 3662 dasselbe
674 3609 769 3659 mit
813 3607 979 3661 voller
1010 3606 1280 3661 Wahrheit
1325 3607 1414 3658 be—

388 3678 630 3744 haupten.
667 3674 783 3743 Vgl.
805 3675 837 3743 ξ
866 3678 922 3729 13
948 3678 1242 3743 honestum,
1269 3676 1416 3741 quod

380 3745 1164 3879 P'tssffztzfsssssszssaesstzr.
1207 3811 1261 3863 ln
1297 3809 1412 3863 aer.

390 3879 587 3946 artigen
642 3878 1039 3947 Verbindungen
1108 3879 1411 3932 bezeichnet

378 3949 636 4015 persequi
676 3947 935 4000 entweder
969 3947 1064 3999 mit
1095 3947 1234 4000 Eifer
1269 3948 1411 4000 einer

1521 2926 1687 2979 Sache
1723 2925 2092 2992 nachstreben,
2143 2926 2266 2979 oder
2301 2927 2401 2979 wie
2436 2925 2548 2978 hier

1521 2993 1745 3047 dauernd
1769 2994 1880 3046 sich
1907 2992 2179 3061 hingeben.
2216 2993 2437 3061 Philipp.
2456 2993 2545 3045 XII

1522 3065 1569 3128 7,
1598 3066 1657 3115 15
1694 3068 1757 3114 ut
1781 3062 2042 3128 cedamus,
2077 3065 2342 3127 abeamus,
2375 3065 2544 3113 vitam

1520 3134 1731 3198 inopem
1768 3135 1818 3181 et
1852 3146 2045 3196 vag-am
2075 3146 2475 3197 persequamur.

1595 3201 1671 3252 13.
1683 3215 1821 3250 rura
1832 3204 2191 3265 peragrantes
2206 3198 2413 3250 bezieht
2431 3199 2541 3251 sich

1518 3264 1723 3332 darauf,
1772 3267 1889 3320 dass
1937 3266 2038 3319 Cic.
2078 3282 2172 3319 aus
2213 3265 2403 3320 Furcht
2448 3282 2542 3319 vor

1517 3332 1772 3388 Antonius
1819 3334 2080 3387 mehrfach
2117 3335 2292 3387 seinen
2327 3334 2543 3388 Aufent-

1515 3402 1736 3456 haltsort
1777 3402 2071 3456 wechselte.
2143 3403 2370 3455 Zumeist
2411 3402 2539 3454 hielt

1518 3485 1572 3522 er
1606 3471 1715 3523 sich
1752 3471 1844 3524 aus
1875 3471 1971 3524 den
2006 3486 2111 3523 von
2149 3471 2280 3522 Rom
2317 3469 2541 3522 entsern-

1517 3543 1661 3608 teren
1683 3538 2006 3606 Landgiitern
2042 3538 2125 3592 bei
2150 3540 2351 3605 Astura,
2388 3537 2539 3591 Pom-

1516 3607 1622 3673 peji
1657 3607 1760 3659 und
1795 3606 2000 3660 Puteoli
2035 3606 2138 3660 auf.

1589 3677 1666 3728 16.
1705 3675 2022 3741 aliquando,
2070 3675 2367 3734 bisweilen;
2423 3674 2539 3727 das-

1515 3742 1658 3795 selbe
1672 3743 1773 3795 wie
1786 3744 2057 3795 interdum
2065 3762 2086 3807 ,·
2108 3744 2211 3810 vgl.
2227 3743 2261 3811 ξ
2281 3745 2341 3796 12
2357 3743 2541 3794 liceret

1515 3814 1566 3862 ei
1583 3812 1763 3863 dicere
1785 3812 2071 3863 utilitatem
2096 3811 2391 3878 aliquando
2418 3826 2535 3862 eum

1513 3881 1785 3931 honestate
1812 3895 2082 3947 pugnare.

1583 3952 1661 4002 19.
1683 3952 1920 4001 extincto
1939 3952 2131 3999 senatu
2150 3947 2439 4014 deletisque
2454 3950 2536 3997 iw-
