2813 4537
873 279 959 333 DE
997 281 1258 368 ornstns
1293 282 1414 336 ΠΒ.
1447 282 1484 336 1.
1557 283 1698 338 GAP.
1736 286 1819 339 33.

1094 365 1159 422 Ψ

263 455 336 516 ad
369 462 611 517 naturae
639 472 779 517 suae
810 472 934 517 non
962 393 1203 540 viligsae
1233 473 1423 536 genus
1466 456 1782 519 eonsilium
1810 458 2041 520 vivendi
2073 476 2249 521 omne
2279 478 2424 522 eon-

263 539 497 613 tulerit‚
540 539 592 601 is
634 540 1270 604 constantiaw'teneat
1296 575 1381 586 -
1411 540 1471 603 id
1510 542 1669 604 enim
1699 543 1950 605 maxime
1978 545 2147 607 decet
2176 578 2278 619 —,
2311 545 2427 608 nisi

264 625 419 687 forte
458 642 523 687 se
563 625 917 687 intellexerit
958 644 1182 689 errasse
1224 627 1284 688 in
1327 625 1640 707 deligendo
1687 647 1903 708 genere
1943 628 2113 692 vitae.
2172 628 2344 701 Quod
2374 630 2424 691 si

264 710 543 772 acciderit
572 744 653 755 —
685 718 884 792 potest
919 720 1117 774 autem
1165 712 1432 775 accidere
1460 746 1576 788 -,
1607 713 1871 776 facienda
1910 732 2142 777 morum
2186 715 2422 777 institu-

186 801 218 852 5
259 803 578 876 torumque
608 796 854 858 mutatio
886 804 994 859 est.
1053 797 1198 860 Eam
1229 796 1617 860 mutationem
1665 797 1714 859 si
1744 806 2012 880 tempora
2043 800 2422 872 adiuvabant,

264 880 495 943 facilius
541 881 1026 963 commodiusque
1070 883 1384 945 faciemus:
1431 883 1525 945 sin
1555 883 1791 959 minuS,
1832 884 2052 946 sensim
2096 884 2208 947 erit
2243 886 2421 966 pede·
2501 897 2510 906 ‘

262 966 651 1047 temptimque
682 966 945 1029 facienda
963 1011 980 1043 ,
1023 976 1090 1030 ut
1120 967 1439 1043 amicitias»,
1481 985 1632 1049 quae
1660 968 1859 1031 minus
1902 969 2191 1032 delectent
2222 978 2282 1032 et
2310 970 2421 1031 mi·

266 1069 380 1113 nus
416 1052 780 1133 probentur,
822 1052 1009 1133 magis
1052 1053 1259 1116 decere
1304 1063 1553 1115 censent
1596 1054 1892 1135 sapientes
1934 1054 2152 1117 sensim
2196 1054 2421 1117 diluere

265 1155 441 1217 quam
482 1144 731 1217 repente
770 1137 1127 1218 praecidere.
1189 1137 1562 1201 Commutato
1603 1147 1798 1201 autem
1835 1158 2051 1219 genere
2069 1140 2229 1202 ‘vitae
2258 1140 2419 1202 omni

155 1228 218 1281 10
262 1222 493 1284 ratione
522 1222 848 1283 curandum
880 1232 988 1298 est,
1019 1231 1086 1286 ut
1113 1223 1173 1285 id
1201 1222 1362 1285 bono
1393 1224 1645 1286 oonsilio
1675 1224 1884 1287 fecisse
1912 1224 2232 1287 videamur.
2260 1219 2410 1314 mss?

435 1306 549 1369 Sed
597 1307 876 1387 quoniam
919 1308 1098 1390 paulo
1140 1317 1280 1371 ante
1321 1309 1545 1371 dietum
1587 1318 1676 1372 est
1714 1310 2030 1372 imitandos
2069 1327 2198 1373 esse
2237 1310 2419 1372 maio-
2439 1322 2523 1373 121

262 1409 390 1466 res,
431 1392 692 1473 primum
720 1392 865 1455 illud
897 1403 1208 1476 exceptum
1239 1394 1348 1470 sit,
1393 1413 1469 1457 ne
1495 1394 1634 1457 vitia
1663 1394 1782 1457 sint
1813 1395 2113 1458 imitanda.
2173 1395 2418 1470 Deinde,

262 1477 313 1539 si
343 1484 556 1539 natura
580 1495 702 1539 non
738 1478 904 1554 seret,
933 1489 1000 1541 ut
1031 1480 1316 1560 quaedam
1345 1479 1561 1542 imitari
1584 1481 1793 1561 possit,
1819 1489 1889 1542 ut
1917 1480 2243 1562 superioris
2262 1480 2422 1542 filius

264 1562 550 1638 Africani,
597 1562 700 1643 qui
729 1564 892 1626 bunc
918 1564 1103 1627 Paulo
1136 1573 1340 1627 natum
1370 1565 1700 1647 adoptavit,
1743 1573 1991 1647 propter
2019 1566 2420 1629 infirmitatem

154 1655 216 1707 15
259 1647 611 1710 valetudinis
636 1666 759 1710 non
790 1657 910 1712 tam
931 1650 1131 1731 potuit
1153 1650 1340 1731 patris
1361 1650 1572 1712 similis
1590 1668 1721 1712 esse
1744 1667 1919 1730 quam
1949 1650 2048 1713 ille
2076 1651 2267 1713 fuerat
2295 1650 2418 1713 sui:

260 1733 310 1794 si
342 1733 525 1812 igitur
555 1751 677 1794 non
702 1734 922 1814 poterit
949 1735 1070 1796 sive
1100 1752 1307 1797 causas
1335 1735 1688 1797 defensitare
1716 1734 1838 1796 sive
1868 1736 2158 1817 populum
2188 1736 2420 1798 contio-

259 1817 440 1880 nibus
467 1827 673 1880 tenere
701 1818 823 1880 sive
850 1818 1005 1881 bella
1035 1837 1271 1899 gerere,
1302 1819 1401 1881 illa
1431 1831 1626 1881 tamen
1656 1828 1955 1901 praestare
1984 1820 2239 1895 debebit,
2270 1838 2421 1901 quae

259 1912 437 1966 erunt
463 1903 525 1964 in
558 1902 746 1983 ipsius
766 1912 1075 1984 potestate,
1105 1904 1389 1967 iustitiam
1408 1905 1584 1967 fidem
1614 1904 2043 1981 liberalitatem,
2072 1905 2421 1968 modestiam

338 2056 377 2106 l.
433 2053 756 2104 contulerit.-
809 2053 1061 2116 conferre
1105 2079 1175 2101 ==
1208 2072 1291 2106 re-
1394 2070 1619 2122 eorpore
1637 2055 1892 2106 valuisset
1931 2057 2183 2122 inprimis
2200 2056 2419 2106 habitus

224 2138 235 2145 ·
259 2120 434 2186 ferre,
470 2137 740 2173 revocare.
776 2121 806 2188 ξ
836 2123 947 2175 119.

329 2193 375 2242 4.
414 2204 656 2241 morum:
692 2189 802 2242 hier
838 2189 979 2241 nicht
1022 2189 1112 2242 des
1156 2190 1283 2242 Cha-

258 2257 487 2325 rakters,
561 2256 781 2312 sondern
835 2257 927 2311 der
973 2258 1287 2312 Lebensffih-

259 2342 620 2449 ruge-ddum·
650 2393 743 2447 Die
761 2393 1117 2474 interpolirten
1134 2393 1283 2448 Hdss.

257 2461 427 2515 haben
446 2463 682 2516 dissuere
699 2462 781 2515 fiir
797 2461 1022 2527 diluere,
1055 2476 1169 2514 eme
1191 2461 1284 2515 Re-

257 2529 537 2583 minisoenz
573 2546 638 2583 an
674 2530 737 2583 de
773 2530 920 2584 amic.
948 2531 1031 2596 21,
1052 2532 1119 2582 76
1157 2530 1286 2582 tales

257 2601 538 2651 amieitiae
593 2603 723 2651 sunt
784 2601 1100 2650 remissione
1154 2614 1286 2650 usus

259 2667 516 2720 eluendae
570 2672 650 2733 et,
701 2673 765 2719 ut
801 2666 1051 2720 Catonem
1107 2666 1286 2718 dicere

258 2736 475 2799 audivi,
527 2735 843 2787 dissuendae
893 2737 1070 2800 magis

257 2802 654 2855 discindendae.
753 2802 863 2856 Den
932 2802 1286 2870 ungebraueh-

255 2871 427 2923 lichen
478 2870 584 2923 und
634 2870 1038 2924 volksthfimlicb
1092 2870 1283 2925 derben

255 2938 528 2992 Ausdruck
552 2938 706 2993 Cetos
743 2938 920 2992 wfirde
944 2939 1046 2992 Cic.
1088 2939 1199 2991 bier
1222 2954 1283 2992 so

256 3007 432 3073 wenig
463 3007 566 3060 wie
600 3007 654 3060 in
691 3008 757 3060 de
779 3010 934 3060 amic.
973 3023 1038 3060 an
1076 3007 1285 3060 ewandt

255 3076 452 3141 haben,
507 3076 642 3128 ohne
697 3075 788 3129 auf
837 3076 1016 3129 seinen
1100 3075 1285 3128 rheber

256 3142 434 3210 Bezug
468 3158 534 3196 zu
570 3144 804 3197 nehmen.

329 3214 407 3264 10.
443 3213 582 3264 bono
618 3213 867 3278 oonsilio,
903 3213 999 3264 mit
1031 3211 1285 3264 reiflieher

254 3278 631 3346 Ueberlegung.

321 3346 513 3409 fecisse
548 3346 844 3414 videamur,
877 3347 998 3401 dass
1023 3347 1104 3400 die
1123 3348 1281 3400 Leute

258 3414 433 3481 seben,
470 3414 591 3467 dass
627 3414 724 3466 wir
755 3431 805 3468 u.
843 3430 885 3470 s.
922 3431 989 3469 w.
1047 3430 1089 3470 s.
1126 3415 1159 3482 ξ
1197 3418 1279 3470 83.

254 3483 460 3536 Ehenso
485 3483 626 3536 steht
649 3483 823 3534 videri
846 3483 880 3551 ᾗ
911 3485 1007 3537 136
1032 3487 1085 3533 et
1107 3487 1284 3535 vereri

257 3557 309 3603 et
342 3551 572 3618 diligere
605 3551 902 3603 videamur.

330 3622 406 3674 13.
427 3623 639 3672 imitari
646 3623 823 3687 possit
834 3640 853 3670 .·
880 3619 958 3672 als
976 3617 1193 3684 Subjeet
1210 3619 1279 3672 ist

257 3703 349 3741 aus
397 3687 512 3741 dem
556 3687 776 3741 Verbum
823 3704 887 3740 zu
934 3688 1188 3754 ergiinzen
1233 3691 1281 3739 is

256 3759 351 3822 qui
383 3759 664 3822 imitatur-5
714 3772 754 3810 3.
792 3772 836 3810 z.
948 3758 1037 3809 101
1089 3759 1278 3822 possit.

322 3827 622 3891 superioris
642 3825 792 3889 lilius
811 3826 863 3878 A
887 3826 1100 3876 rieani:
1134 3822 1278 3879 Brut.

260 3893 340 3958 19,
376 3896 402 3944 ’1
411 3896 439 3943 ’1
478 3896 525 3944 is
558 3896 655 3960 qui
689 3896 831 3946 hune
864 3895 1128 3946 minorem
1165 3892 1279 3945 Sei-

252 3964 467 4028 pionem
519 3978 554 4013 a
608 3962 798 4014 Paullo
858 3963 1165 4031 adoptavit,
1231 3964 1281 4012 si

1392 2128 1525 2175 esset
1551 2123 1797 2175 disertus.
1845 2093 2049 2176 Ebenso
2083 2122 2248 2175 heisst
2284 2138 2339 2175 es
2363 2122 2418 2175 in

1391 2192 1561 2244 seiner
1595 2191 1938 2244 Grabscbrift:
1978 2191 2116 2257 Quoi
2151 2193 2302 2258 apice
2335 2195 2418 2242 in*

1389 2263 1539 2326 signi
1559 2260 1721 2313 dialis
1744 2262 1985 2324 flaminis
2002 2262 2241 2327 gesistei,
2270 2258 2421 2312 Mors

1379 2328 1622 2395 perfecit
1657 2333 1751 2380 lua
1786 2333 1850 2380 ut
1883 2334 2053 2381 essent
2084 2331 2267 2381 omnia
2303 2330 2418 2379 bre-

1387 2399 1505 2462 via,
1529 2397 1727 2462 Honos,
1750 2395 1902 2458 fama
1925 2400 2217 2463 virtusque,
2229 2397 2417 2463 gloria

1387 2468 1550 2531 atque
1599 2467 1895 2530 ingenium.
1975 2464 2179 2530 Quibus
2229 2467 2309 2515 sei
2356 2467 2419 2515 in

1388 2532 1556 2598 longa
1592 2531 1806 2583 lieuiset
1841 2534 1945 2584 libe
1973 2535 2119 2583 ulier
2146 2535 2274 2597 vita,
2308 2532 2419 2584 Fa-

1350 2600 1492 2652 =eile
1558 2599 1756 2662 faeteis
1822 2615 2101 2667 supera-ses
2175 2600 2417 2665 gloriam

1386 2671 1674 2722 maiorum.

1462 2739 1540 2789 15.
1575 2735 1684 2802 ille,
1719 2736 1873 2788 niiml.
1908 2734 2211 2799 Africanus
2238 2738 2419 2787 maior

1387 2803 1583 2856 seinem
1601 2802 1778 2870 Vater,
1813 2804 1928 2857 dem
1955 2804 1989 2872 ᾗ
2007 2806 2067 2857 61
2099 2803 2415 2858 erwiihnten.

1466 2875 1539 2926 16.
1574 2875 1625 2923 si
1668 2876 1681 2888 '
1730 2875 1850 2925 ‘tun
1920 2871 2063 2925 Naeb
2105 2870 2194 2924 der
2228 2870 2417 2924 Paren-

1386 2940 1534 2993 these
1568 2887 1813 2993 wirff'der
1837 2941 1973 2994 oben
1998 2940 2272 3020 allgemein
2297 2955 2414 2993 aus-

1422 3008 2022 3129 esproqbenziigdalnklet
2056 3008 2414 3128 inneffgelnen

1431 3091 1677 3130 eeleen
1854 3092 2038 3130 ero,
2153 3092 2274 3128 er
2398 3105 2416 3114 -

1386 3149 1481 3196 tur
1506 3093 1556 3197 ls).
1577 3160 1621 3198 z.
1643 3144 1677 3211 5
1701 3148 1815 3199 105.
1836 3173 1902 3185 -·—
1937 3143 2094 3197 Wobl
2128 3144 2224 3196 mit
2245 3092 2412 3196 Retglit

1384 3213 1676 3266 vermuthet
1711 3211 1861 3265 Beier
1874 3251 1888 3278 ‚
1946 3212 2068 3265 dass
2105 3211 2279 3263 Cicero
2326 3211 2411 3262 bei

1366 3280 1554 3333 ‘dieser
1572 3295 1770 3348 ganzen
1792 3279 1955 3332 Stelle
1986 3280 2163 3333 seinen
2194 3278 2409 3346 eigenen

1386 3347 1531 3401 Sohn
1565 3348 1633 3399 im
1671 3348 1819 3415 Auge
1854 3347 2045 3415 gehabt
2078 3347 2225 3400 habe.

1455 3432 1645 3468 causas
1713 3415 2071 3478 defensitare:
2148 3414 2232 3468 die
2302 3415 2409 3468 drei

1383 3484 1553 3537 einem
1586 3485 1898 3537 vornehmen
1933 3485 2121 3538 Romer
2155 3483 2309 3537 allein
2344 3499 2408 3536 zu

1383 3552 1776 3621 empfehlenden
1805 3552 2134 3607 Berufsarten
2165 3552 2241 3605 als
2275 3550 2407 3603 Red-

1382 3636 1473 3674 ner
1507 3637 1601 3675 vor
1635 3620 1871 3688 Gefieht,
1918 3621 1971 3674 in
2007 3620 2095 3673 der
2129 3618 2408 3672 Volksver-

1381 3690 1672 3757 sammlung
1704 3689 1811 3743 und
1845 3690 1923 3742 als
1953 3689 2163 3756 Krieger
2198 3687 2405 3740 werden

1383 3758 1634 3813 erwiihnt.
1683 3756 1775 3810 Die
1812 3762 1949 3811 erste
1983 3757 2054 3811 ist
2086 3755 2246 3809 dureh
2282 3772 2407 3807 eau-

1380 3841 1469 3877 sas
1522 3825 1847 3888 defensitare
1898 3825 2225 3889 bezeichnet,
2284 3824 2406 3876 weil

1381 3893 1536 3946 allein
1572 3893 1656 3946 die
1685 3892 2093 3962 Vertbeidigung
2126 3892 2209 3945 fiir
2243 3892 2405 3957 v6llig

1382 3961 1656 4029 anstfindig
1689 3962 1812 4029 galt.
1868 3962 1974 4029 vgl.
2009 3961 2052 4013 11
2087 3961 2121 4029 ᾗ
2156 3962 2220 4013 49
2242 3959 2276 4011 f.

1992 4045 2066 4098 Ἰ*
