2813 4537
308 727 389 857 ἐξ
412 805 728 880 ficiscitur,
773 826 896 868 non
926 825 1055 868 uno
1082 809 1260 868 modo
1290 808 1352 868 in
1397 807 1730 887 disparibus
1760 808 1952 868 causis
1981 807 2194 868 adfecti
2233 823 2362 869 esse
2390 807 2569 868 debc-

412 287 536 351 160
962 292 1046 344 DE
1084 289 1345 345 OFFlGssS
1379 289 1499 347 ΠΒ.
1523 292 1580 346 11.
1634 289 1776 347 GAP.
1807 297 1884 346 17.
1928 290 2004 348 18.

409 473 499 525 est
526 465 909 545 disputatum.
971 466 1121 527 'l'ota
1165 465 1348 546 igitur
1375 466 1526 530 ratio
1569 466 1776 528 talium
1820 465 2202 545 largitionum
2233 484 2454 547 genere
2482 465 2568 527 vi·

408 549 559 612 tiosa
589 558 707 625 est,
749 551 1123 631 temporibus
1153 552 1514 626 necessaria,
1559 559 1619 612 et
1661 558 1792 612 tum
1819 551 2016 631 ipsum
2059 559 2118 612 et
2160 553 2232 612 ad
2262 552 2568 614 facultates

412 637 907 697 accommodanda
937 644 997 698 et
1025 637 1432 698 mediocritate
1462 637 1825 698 moderanda
1856 644 1963 697 est.

581 721 653 781 In
674 721 774 782 illo
797 728 993 782 autem
1017 722 1205 782 altero
1228 737 1449 801 genere
1470 721 1776 800 largiendi,
1810 723 1971 800 quod
2000 740 2032 781 a
2056 721 2404 782 liberalitate
2426 739 2568 801 pro⁴

411 908 561 952 mus.
634 891 759 952 Alia
798 911 978 953 eausa
1007 900 1097 954 est
1127 893 1281 967 eius,
1327 893 1433 971 qui
1460 892 1787 953 calamitate
1818 892 2127 972 premitur,
2173 901 2231 952 et
2260 892 2387 953 eius
2405 940 2419 967 ‚
2468 891 2569 971 qui

202 1020 210 1032 .
304 984 369 1036 en
410 994 505 1036 ιω
533 977 810 1039 meliores
856 978 1087 1056 quaerit
1117 978 1296 1039 nullis
1339 977 1464 1044 suis
1500 978 1680 1039 rebus
1723 977 1999 1039 adversis.
2072 977 2435 1057 Propensior
2463 977 2568 1038 be-

412 1060 672 1140 nignitas
701 1080 831 1124 esse
876 1063 1113 1124 debebit
1141 1062 1203 1123 in
1235 1063 1607 1124 calamitosos
1621 1110 1635 1137 ‚
1684 1062 1799 1124 nisi
1826 1063 1981 1124 forte
2013 1069 2193 1124 erunt
2220 1062 2385 1142 digni
2414 1062 2569 1124 cala-⁵

410 1146 633 1207 mitate.
694 1147 762 1207 In
793 1147 868 1208 iis
896 1156 1113 1222 tamen,
1147 1147 1247 1227 qui
1276 1166 1341 1209 se
1370 1148 1629 1209 adiuvari
1657 1148 1884 1222 volent,
1933 1165 2056 1209 non
2090 1165 2168 1209 ne
2197 1148 2567 1228 adfligantun

412 1232 516 1292 sed
544 1239 613 1291 ut
640 1231 908 1293 altiorem
951 1234 1195 1312 gradum
1240 1234 1562 1295 ascendant
1578 1279 1593 1306 ‚
1637 1233 1894 1294 restricti
1921 1232 2185 1294 ‘omnino
2230 1251 2360 1294 esse
2403 1233 2569 1295 nullo

411 1317 589 1377 modo
619 1317 920 1392 debemus,
953 1318 1139 1380 sedin
1172 1318 1498 1400 deligendis
1528 1318 1757 1380 idoneis
1800 1317 2085 1379 iudicium
2114 1325 2175 1378 et
2206 1317 2568 1398 diligentiam

412 1401 708 1462 adhibere.
767 1403 913 1465 Nam
943 1404 1246 1483 praeclare
1274 1403 1539 1465 Ennius:

749 1487 903 1550 Bene
945 1488 1106 1566 facta
1147 1489 1298 1552 malo
1341 1489 1527 1551 lecim
1568 1488 1718 1550 male
1760 1488 1920 1566 facta
1949 1488 2226 1550 arbitror.

414 1570 589 1641 Quod
618 1580 814 1634 autem
843 1573 1133 1635 tributum
1164 1581 1252 1635 est
1280 1575 1444 1636 bono
1475 1574 1600 1638 viro
1631 1582 1691 1635 et
1721 1582 1919 1653 grato,
1963 1574 2024 1633 in
2058 1591 2129 1634 eo
2171 1591 2307 1634 cum
2340 1591 2411 1634 ex
2442 1574 2571 1653 ipso

414 1656 644 1719 fructus
673 1666 763 1719 est
789 1665 917 1719 tum
947 1659 1123 1720 etiam
1168 1678 1239 1720 ex
1269 1661 1501 1722 ceteris.
1564 1658 1918 1720 Temeritate
1962 1658 2124 1721 enim
2147 1666 2392 1719 ‘remota
2438 1675 2574 1738 gra-

413 1741 634 1804 tissima
679 1751 771 1804 est
812 1739 1161 1819 liberalitas,
1217 1763 1409 1825 eoque
1453 1763 1581 1806 eam
1625 1744 1948 1806 studiosius
1990 1743 2260 1823 plerique
2310 1744 2572 1820 laudant,

415 1828 573 1905 quod
603 1829 817 1890 summi
847 1830 1136 1909 cuiusque
1165 1830 1403 1893 bonitas
1434 1848 1752 1891 commune
1797 1830 2135 1909 perfugium
2167 1837 2258 1890 est
2286 1829 2571 1890 omnium.

414 1912 617 1973 Danda
645 1914 826 1995 igitur
871 1933 1050 1995 opera
1095 1923 1186 1977 est
1214 1924 1283 1976 ut
1317 1916 1388 1977 iis
1430 1915 1739 1977 benefieiis
1784 1932 1961 1994 quam
2005 1913 2296 1993 plurimos
2338 1914 2573 1975 adficia-

414 2016 564 2073 mus,
598 2017 854 2079 quorum
882 2000 1167 2061 memoria
1197 2001 1398 2062 liberis
1426 2001 1800 2081 posterisque
1829 2000 2134 2080 prodatur,
2174 2006 2241 2061 ut
2270 1998 2342 2061 iis
2372 2000 2572 2079 ingra—

414 2083 490 2144 tis
521 2102 648 2145 esse
680 2103 804 2145 non
837 2084 1026 2146 liceat.
1103 2085 1325 2148 Omnes
1355 2086 1517 2148 enim
1562 2085 1967 2147 immemorem
2011 2084 2287 2146 beneficii
2319 2086 2576 2160 oderunt

413 2186 661 2247 eamque
702 2168 977 2230 iniuriam
1009 2170 1070 2231 in
1116 2172 1468 2234 deterrenda
1497 2170 1844 2234 liberalitate
1885 2169 1996 2232 sibi
2040 2170 2216 2232 etiam
2245 2170 2375 2231 fieri
2404 2187 2573 2232 eum-

415 2272 561 2332 que,
606 2253 709 2334 qui
753 2254 956 2329 faciat,
1004 2275 1384 2327 communem
1413 2258 1643 2320 hostem
1689 2254 2031 2318 tenuiorum
2074 2262 2306 2336 putant.
2381 2256 2572 2336 Atque

488 2407 532 2457 1.
564 2418 783 2470 genere,
819 2406 889 2456 im
926 2405 1280 2473 allgemeinen.

486 2475 534 2526 2.
571 2477 687 2524 tum
720 2478 920 2540 ipsvm,
968 2475 1210 2542 gerade
1246 2476 1442 2542 daun,

417 2540 581 2592 auch
616 2541 812 2607 daun,
850 2557 1002 2594 wenn
1035 2543 1112 2596 sie
1147 2545 1302 2599 aiunl.
1338 2560 1442 2597 von

417 2608 516 2660 den
534 2582 847 2662 Umstanden
869 2611 1119 2664 erfordert
1139 2612 1444 2674 sind,1’1ber

374 2682 531 2728 vtum
550 2680 723 2744 ipsum
742 2694 781 2732 s,
804 2679 990 2746 Zumpt
1013 2681 1045 2745 ς
1068 2683 1186 2734 270.
1211 2681 1277 2733 de
1294 2680 1443 2734 fln.11

419 2747 500 2811 20,
514 2748 577 2798 65
593 2761 693 2797 ma
705 2748 1107 2799 voluntate-em
1113 2753 1302 2815 patna
1317 2749 1445 2801 Gar-

419 2785 693 2878 tlu’zginem
727 2819 1051 2879 revertisset,
1101 2821 1214 2867 tum
1252 2821 1448 2884 imm,

419 2895 542 2931 cum
574 2882 782 2946 vigiliis
817 2888 873 2933 et
898 2855 1051 2944 fame,
1086 2888 1446 2937 cruciaretur.

486 2952 539 3066 ἃ.
571 2950 641 3068 {n
664 2950 763 3000 illo
786 2951 956 3002 allero
976 2966 1207 3015 genere.-
1241 2968 1285 3005 ι.
1311 2969 1355 3006 c.
1378 2957 1444 3007 16

418 3031 463 3070 z.
535 3031 566 3068 ιι

489 3088 537 3137 6.
592 3086 705 3135 alia
739 3100 901 3136 cauca
938 3092 1017 3137 est
1047 3090 1161 3138 eius
1188 3116 1230 3125 -
1264 3092 1342 3138 et:
1393 3094 1446 3140 et

420 3153 549 3204 nach
589 3153 729 3204 alius
764 3153 926 3206 findet
963 3156 1069 3207 sich
1109 3155 1250 3208 nicht
1273 3156 1442 3208 seiten

418 3220 503 3273 bei
540 3220 642 3275 Cic.
694 3226 821 3274 statt
867 3222 958 3275 des
995 3224 1445 3291 gewohnlicheren

419 3295 610 3355 atque‚·
644 3290 707 3343 de
743 3306 815 3344 or.
852 3290 914 3342 111
955 3294 1120 3358 18,66
1158 3293 1266 3343 alia
1303 3297 1446 3344 enim

417 3362 473 3407 et
505 3360 644 3409 bona
692 3364 747 3410 et
778 3360 922 3411 mala
956 3362 1215 3413 videntur
1247 3362 1446 3414 Stoicis

418 3429 472 3476 ct
508 3430 696 3478 ceteris
730 3430 950 3480 civibus.
1008 3440 1088 3467 -—‘
1135 3429 1300 3481 nullis
1331 3434 1449 3481 suis

416 3495 575 3545 rebus
629 3495 868 3547 adversar
935 3497 1004 3549 ist
1062 3498 1114 3549 in
1175 3498 1446 3551 derselben

417 3560 592 3615 Weise
631 3564 932 3617 auszuloseu
969 3566 1070 3618 wie
1105 3566 1126 3617 1
1159 3564 1194 3633 ἦ
1214 3570 1245 3619 5
1279 3567 1446 3617 nullis

408 3635 711 3700 praeceptis
747 3633 1037 3686 tradendis.

488 3703 564 3754 10.
604 3705 841 3767 omnino,
868 3702 1096 3768 l'reilieh,
1133 3718 1174 3757 s.
1197 3718 1239 3754 z.
1262 3701 1283 3752 1
1305 3702 1339 3769 ς
1358 3705 1442 3757 83.

492 3772 564 3821 13.
585 3770 728 3822 Bene
746 3769 930 3831 facta.-
966 3771 1077 3837 vgl.
1096 3769 1263 3824 Plant.
1284 3770 1441 3823 Paen.

413 3832 540 3901 1113,
563 3838 628 3889 20
663 3836 809 3889 Malo
846 3841 976 3890 bene
1005 3837 1191 3900 facere
1226 3844 1444 3891 tantun·

415 3875 540 3953 dem,
557 3910 635 3955 eet
651 3907 982 3972 periculum,
1020 3912 1279 3973 quantum
1305 3910 1442 3959 bono

415 3971 555 4021 male
586 3971 785 4033 facere.
839 3975 1017 4026 locare
1052 3976 1190 4028 steht
1225 3976 1281 4028 in
1303 3976 1444 4029 dem-

1547 2406 1732 2458 selben·
1761 2404 1920 2458 Sinne
1954 2406 2058 2458 wie
2093 2406 2360 2459 collocare
2392 2407 2413 2458 1
2448 2407 2482 2474 ς
2505 2410 2576 2460 49

1545 2473 1880 2527 Wohlthaten
1915 2475 2182 2527 erweisen.

1619 2547 1695 2595 15.
1738 2542 2056 2595 Temeritate
2088 2571 2158 2580 —
2192 2547 2429 2594 remota:
2483 2556 2573 2609 ge-

1544 2611 1705 2663 meint
1728 2612 1798 2663 ist
1822 2611 1904 2663 die
1931 2613 2218 2677 temeritas,
2257 2610 2339 2662 die
2365 2611 2477 2664 sich
2500 2611 2570 2663 im

1544 2679 1721 2732 Geben
1755 2679 1890 2731 ohne
1924 2678 2173 2731 Auswalil
2221 2693 2287 2730 an
2322 2677 2570 2746 Wflrdige

1544 2747 1649 2800 und
1683 2746 1996 2814 Unwtlrdige
2032 2747 2185 2814 zeigt.
2255 2774 2262 2783 -

1616 2819 1698 2868 21.
1720 2831 1835 2867 eam
1858 2819 2124 2866 iniuriam
2141 2815 2347 2867 bezieht
2361 2815 2473 2868 sich
2485 2816 2577 2869 auf

2620 1246 2678 1298 te

2621 1673 2678 1725 15

1546 2887 1905 2935 immemorem
1923 2884 2182 2949 beneficii,
2200 2883 2277 2936 als
2293 2884 2364 2936 ob
2381 2899 2446 2936 an
2459 2884 2574 2938 des·
2627 2919 2631 2923 <

1546 2966 1636 3003 sen
1675 2951 1839 3004 Stelle
1892 2952 1974 3004 ein
2008 2952 2337 3004 Abstractum
2373 2952 2570 3020 stiindc,

1545 3019 1645 3071 ‘die
1698 3019 2152 3085 Undankbarkeit’,
2206 3025 2331 3072 orat
2370 3022 2464 3084 20,
2502 2995 2570 3077 68'

1545 3090 1757 3139 etiamst·
1791 3089 2131 3154 quorundam
2160 3089 2450 3153 grandis-
2462 3105 2574 3142 vox

1544 3158 1933 3223 estpoe‘tamm,
1953 3162 2129 3207 tamen
2146 3160 2205 3207 in
2224 3172 2286 3207 ca
2298 3157 2383 3219 (in
2397 3160 2572 3224 poe‘si)

1548 3239 1669 3275 cum
1690 3224 1962 3277 licentiam
1985 3229 2166 3276 statuo
2184 3225 2441 3276 νικαῖον-σπι
2465 3243 2575 3279 esse

1548 3307 1707 3358 quam
1740 3296 1801 3344 in
1836 3294 2054 3344 nobis—
2077 3298 2188 3343 tum
2222 3294 2441 3344 vocibus
2461 3310 2573 3346 ma-

1540 3363 1631 3427 εἰσ
1671 3377 1831 3427 quam
1865 3364 2025 3413 rebus
2059 3364 2378 3413 inserviunt.

1565 3458 1572 3463 ·
1613 3433 1674 3481 in
1709 3430 2027 3482 deterrenda
2051 3429 2399 3495 liberalitate,
2434 3431 2574 3484 inso-

1548 3497 1660 3550 sern
1696 3498 1921 3551 dadai-ch
1956 3498 2040 3550 die
2071 3496 2450 3564 Freigebiglteit
2486 3500 2576 3553 ab·

1615 3566 1854 3619 schreckt
1873 3565 2017 3618 wird.
2068 3567 2128 3615 in
2147 3565 2290 3632 giebt
2308 3566 2450 3618 nicht
2474 3567 2575 3621 den

1591 3635 1720 3687 tund
1772 3650 1861 3700 an,
1916 3632 2135 3686 sondern
2191 3634 2275 3686 die
2324 3633 2419 3686 Art
2470 3635 2575 3688 und

1545 3701 1722 3755 Weise
1738 3703 1856 3768 wie,
1879 3702 1984 3755 und
2005 3701 2088 3754 die
2107 3699 2404 3769 Umstande‚
2409 3708 2576 3756 unter

1546 3770 1711 3823 denen
1763 3777 1928 3824 etwas
1982 3768 2276 3836 geschicht3
2346 3770 2486 3824 Caes.
2524 3773 2575 3825 b.

1546 3838 1676 3892 Gall.
1713 3838 1760 3890 V
1798 3843 1880 3906 19,
1905 3842 1935 3891 3
1974 3838 2386 3904 relinquebatur
2417 3844 2482 3890 ut
2515 3843 2574 3891 in

1547 3911 1700 3974 agris
1752 3879 2027 3960 vast’cmdt's
2076 3907 2448 3974 incendiisque
2489 3907 2577 3969 fa-

1547 3977 1752 4027 ciendis
1785 3978 2022 4029 hostibus
2055 3979 2358 4031 noceretur.
