2813 4537
897 257 982 334 ma
1019 279 1278 335 ormcns
1314 237 1510 336 LIBJII.
1569 279 1712 335 GAP.
1732 282 1815 333 24.
2295 279 2419 341 175

269 457 368 532 cit,
410 475 548 518 cum
593 457 720 518 eius
762 456 878 517 iam
920 456 1067 517 nihil
1109 455 1441 517 interesset.
1503 454 1690 516 Tanta
1727 455 1789 516 in
1821 473 1891 515 eo
1922 456 2211 534 peccandi
2237 458 2421 519 libido

268 542 398 617 fuit,
422 551 490 604 ut
505 543 621 604 hoe
643 542 839 622 ipsum
855 560 992 603 eum
1004 542 1340 616 delectaret,
1361 559 1630 620 peecare,
1657 540 1833 600 etiam
1848 540 1899 602 si
1915 559 2090 602 causa
2108 560 2231 603 non
2246 551 2418 604 esset.

267 628 357 688 Ab
400 629 515 689 hoe
549 627 730 707 igitur
773 645 994 708 genere
1034 626 1387 706 largitionis,
1431 633 1499 686 ut
1541 626 1667 687 aliis
1708 626 1899 699 detur,
1944 627 2070 687 aliis
2104 629 2422 704 auferatur,

267 714 522 775 aberunt
569 713 628 787 ii,
674 714 776 792 qui
819 730 947 774 rem
989 712 1288 791 publicam
1330 712 1678 785 tuebuntur,
1724 711 1786 771 in
1824 712 2151 791 primisque
2180 732 2421 793 operam

202 806 235 857 5
264 799 493 860 dabunt
532 807 602 860 ut
640 798 785 860 iuris
827 806 887 859 et
926 798 1281 859 iudiciorum
1323 796 1619 877 aequitate
1649 815 1822 857 suum
1854 797 2104 877 quisque
2131 806 2333 861 teneat
2364 808 2423 861 et

268 902 463 963 neque
509 884 811 945 tenuiores
839 890 1087 962 propter
1116 882 1506 944 humilitatem
1536 882 2078 944 circumveniantur
2107 902 2301 963 neque
2332 885 2421 945 lo-

212 1002 216 1005 <
266 969 602 1048 cupletibus
624 970 695 1031 ad
717 988 822 1030 sua
843 968 935 1029 vel
956 968 1215 1029 tenenda
1241 968 1334 1029 vel
1362 968 1770 1050 recuperanda
1800 968 1955 1029 obsit
1983 968 2217 1045 invidia,
2248 988 2421 1049 prae·

265 1062 426 1115 terea
472 1055 947 1133 quibuscumque
987 1053 1166 1114 rebus
1194 1053 1286 1114 vel
1313 1053 1452 1114 belli
1480 1053 1571 1114 vel
1630 1053 1788 1115 domi
1816 1061 2119 1133 poterunt,
2148 1073 2276 1116 rem
2304 1075 2419 1135 pu-

263 1140 479 1201 blicam
531 1148 786 1219 augeant
836 1139 1103 1218 imperio‚
1154 1138 1331 1218 agris,
1381 1139 1783 1218 vectigalibus.
1856 1139 2015 1200 Haec
2065 1158 2418 1220 magnorum

262 1311 600 1372 officiorum
653 1310 754 1390 qui
802 1317 1198 1389 persecuntur
1248 1328 1384 1371 eum
1436 1327 1664 1371 summa
1714 1310 1964 1371 utilitate
2015 1311 2103 1371 rei
2145 1312 2417 1390 publicae

263 1414 540 1476 magnam
567 1396 682 1475 ipsi
711 1395 1114 1476 adipiscentur
1142 1401 1202 1456 et
1229 1395 1478 1474 gratiam
1509 1404 1567 1456 et
1595 1395 1861 1474 gloriam.
2403 1422 2407 1425 ⁴

435 1482 504 1542 In
529 1482 621 1543 his
641 1490 838 1542 autem
863 1480 1183 1542 utilitatum
1211 1480 1545 1559 praeceptis
1566 1480 1878 1560 Antipater
1899 1480 2130 1560 TyriuS,
2164 1480 2419 1557 StoicuS,

266 1567 369 1644 qui
396 1566 644 1629 Athenis
674 1585 870 1646 nuper
897 1572 987 1627 est
1013 1574 1305 1640 mortuuS,
1340 1566 1458 1628 duo
1490 1566 1805 1645 praeterita
1850 1574 2055 1627 censet
2083 1585 2214 1628 esse
2242 1585 2275 1627 a
2305 1567 2417 1628 Pa·-

157 1659 217 1709 15
249 1652 480 1726 naetio,
520 1651 872 1713 valetudinis
914 1651 1282 1711 curationem
1324 1659 1384 1712 et
1425 1651 1744 1730 pecuniae:
1788 1663 1933 1729 quas
1972 1669 2070 1712 res
2108 1670 2140 1711 a
2183 1671 2416 1714 summo

261 1737 618 1816 philosopho
659 1735 1008 1815 praeteritas
1048 1735 1322 1808 arbitror,
1365 1736 1524 1814 quod
1568 1742 1766 1797 essent
1805 1736 2033 1811 faciles;
2076 1745 2218 1797 sunt
2257 1745 2417 1799 certe

261 1821 456 1883 utiles.
518 1820 633 1881 Sed
671 1821 943 1882 valetudo
989 1827 1354 1881 sustentatur
1395 1820 1604 1881 notitia
1633 1819 1727 1881 sui
1757 1820 2026 1899 corporis
2054 1829 2112 1882 et
2142 1821 2416 1883 observa-

262 1905 444 1982 tione,
477 1924 627 1985 quae
650 1924 746 1967 res
775 1915 877 1967 aut
904 1906 1186 1985 prodesse
1217 1906 1447 1967 soleant
1474 1914 1576 1966 aut
1606 1905 1833 1980 obesse,
1865 1913 1923 1965 et
1951 1906 2321 1967 continentia
2353 1906 2412 1967 in

260 1991 419 2053 victu
463 1991 626 2052 omni
670 1999 846 2071 atque
890 1992 1052 2052 cultu
1095 1991 1364 2071 corporis
1404 1990 1612 2053 tuendi
1647 2009 1822 2051 causa
1853 1986 2417 2074 [praetermittendis

257 2061 699 2159 voluptatibuSJ,
742 2084 1045 2157 postremo
1087 2085 1211 2137 arte
1256 2095 1483 2151 eorum,
1529 2094 1783 2156 quorum
1823 2076 1894 2137 ad
1934 2076 2239 2138 scientiam
2269 2077 2415 2137 haec

259 2163 584 2241 pertinent.
641 2161 760 2225 Res
801 2171 998 2224 autem
1029 2161 1330 2223 familiaris
1361 2162 1565 2242 quaeri
1594 2162 1770 2223 debet
1799 2161 1870 2222 iis
1898 2162 2096 2237 rebus,
2138 2181 2172 2223 a
2203 2161 2419 2242 quibus
2461 2171 2521 2222 87

260 2248 425 2310 abest
444 2248 770 2328 turpitudo,
802 2248 1141 2311 conservari
1162 2255 1359 2309 autem
1382 2247 1684 2328 diligentia
1707 2253 1767 2308 et
1786 2247 2165 2326 parsimonia,
2198 2246 2417 2310 eisdem

260 2333 436 2394 etiam
460 2334 641 2395 rebus
663 2334 883 2413 augeri.
944 2334 1064 2395 Has
1092 2352 1189 2396 res
1218 2333 1693 2395 commodissime
1713 2331 2053 2413 Xenophon
2078 2333 2418 2396 Socraticus

258 2427 610 2498 persecutus
649 2426 740 2480 est
779 2419 841 2479 in
888 2437 960 2479 eo
1002 2418 1176 2491 libro,
1220 2419 1321 2497 qui
1353 2417 1789 2487 Oeconomicus
1831 2417 2193 2493 inscribitur,
2238 2438 2416 2498 quem
2525 2500 2529 2506 ι

257 2601 434 2663 Hdss.;
491 2601 613 2653 aber
656 2599 942 2667 vergleicht
988 2615 1135 2667 man,
1184 2600 1287 2651 wie

259 2669 348 2722 der
402 2674 538 2721 erste
588 2667 875 2736 Gegensatz
930 2668 1088 2721 durch
1141 2684 1288 2720 nune

260 2741 460 2804 victor,
515 2743 624 2788 tum
671 2755 718 2803 q.
766 2740 939 2787 victus
984 2736 1286 2803 ausgefiihrt

259 2805 355 2869 ist,
391 2820 450 2857 so
487 2810 728 2857 erwartet
763 2820 881 2856 man
917 2804 1047 2856 auch
1083 2805 1151 2856 im
1190 2803 1286 2857 Ge-

296 2877 472 2924 ensatz
510 2887 572 2923 zu
611 2888 729 2923 cum
760 2903 797 2911 -
823 2875 1101 2924 interesset
1134 2873 1285 2925 einen

299 2944 471 3005 usatz,
519 2940 652 2992 ohne
694 2940 791 2994 den
837 2957 977 3007 quae
1011 2946 1290 3008 cogitarat

258 3007 558 3060 undeutlich
595 3010 747 3062 ware.

332 3079 408 3130 13.
444 3077 744 3128 utilitatum
754 3081 1088 3145 praeceptis.-
1123 3078 1255 3145 532.

324 3147 614 3212 Antipater
628 3145 826 3214 Tyrius
840 3146 980 3198 lebte
995 3146 1072 3199 als
1082 3144 1282 3199 Freund

257 3214 327 3264 im
343 3212 512 3265 Hause
530 3213 620 3266 des
638 3215 861 3281 jungern
882 3215 1026 3281 Cato,
1045 3215 1147 3266 wie
1163 3214 1281 3266 Dio-

259 3279 412 3332 dotus
462 3280 547 3332 bei
602 3280 804 3347 Cicero,
867 3281 1143 3335 Panaetius
1195 3283 1280 3335 hei

259 3346 450 3416 Scipio,
520 3347 588 3399 Er
629 3348 699 3400 ist
740 3349 883 3401 nicht
918 3365 981 3402 zu
1016 3351 1280 3403 verwech—

258 3415 368 3468 selu
406 3416 501 3467 mit
525 3414 639 3467 dem
666 3416 857 3469 fflteren
883 3415 1006 3469 Anti
1046 3423 1154 3471 ater
1175 3435 1280 3472 von

257 3483 463 3548 TarsuS,
500 3483 590 3536 der
622 3483 684 3536 111
713 3484 746 3551 ξ
772 3488 832 3537 51
875 3486 1013 3538 erwa

329 3555 407 3606 14.
445 3553 551 3604 duo
583 3556 914 3620 praeterita.-
951 3554 1032 3605 ein
1056 3553 1174 3606 sehr
1190 3571 1283 3607 un-

255 3620 599 3687 begriindeter
631 3620 888 3683 Einwurf3
935 3621 1067 3675 denn
1103 3622 1283 3676 beides

257 3689 440 3756 gehort
458 3688 606 3756 doch,
623 3690 726 3742 wie
740 3690 841 3743 Cic.
859 3690 1024 3743 selbst
1043 3690 1279 3757 einsieht,

257 3757 372 3819 (sed
393 3760 507 3808 toto
533 3760 634 3809 Ιιοο
655 3759 721 3810 de
738 3774 941 3824 genere
964 3761 1101 3824 cet.),
1136 3758 1281 3811 nicht

255 3827 309 3876 in
345 3824 428 3877 die
464 3824 621 3877 Ethik
667 3826 772 3879 und
816 3843 902 3879 um
947 3843 1006 3879 so
1055 3827 1281 3895 weniger

256 3893 473 3959 hierher,
523 3893 600 3946 als
634 3893 910 3947 Panaetius
945 3895 1075 3947 nach
1113 3896 1286 3948 seiner

254 3960 588 4029 Eintheilung
621 3963 682 4027 (s,
709 3961 742 4029 5
770 3966 827 4015 11
869 3962 973 4015 und
1006 3963 1038 4031 ξ
1066 3967 1148 4029 17)
1184 3979 1281 4016 nur

1088 3491 1109 3538 t
1136 3486 1282 3539 wird.

1388 2615 1455 2651 zu
1478 2598 1793 2666 besprechen
1819 2598 1979 2667 hatte,
2013 2602 2115 2653 wie
2140 2602 2235 2654 wir
2259 2603 2414 2656 andre

1386 2666 1664 2747 Menschen
1711 2667 1792 2719 fiir
1834 2683 2054 2722 unseren
2089 2669 2290 2723 Nutzen
2328 2686 2415 2738 ge-

1389 2735 1897 2857 Ἧῗξῗηεέιίὄῃέἰῖἓὲὶ
1946 2805 2045 2858 den
2079 2805 2413 2874 Uebergang:

1387 2873 1528 2925 ‘aber
1562 2887 1714 2925 wenn
1751 2889 1808 2926 es
1843 2873 1973 2929 auch
2008 2873 2168 2926 leicht
2201 2874 2286 2940 ist,
2328 2876 2412 2927 ich

1387 2940 1498 2992 will
1535 2956 1591 2993 es
1626 2944 1813 3008 sagen'.
1865 2940 2090 3011 Seyffert
2114 2942 2275 2996 schol.
2301 2943 2409 2997 Lat.

1386 3010 1405 3060 l
1434 3020 1492 3077 p.
1520 3010 1613 3070 253
1648 3010 1753 3077 vgl.
1791 3010 1824 3077 ξ
1860 3013 1925 3063 74
1960 3027 2132 3077 neque
2168 3017 2360 3063 tamen.

1464 3078 1536 3130 19.
1583 3080 2078 3144 praetermz‘ttendis
2124 3079 2412 3146 voluptati-

1386 3148 1498 3198 bus.
1532 3145 1632 3198 Der
1655 3145 1840 3198 Zusatz
1876 3147 1947 3200 ist
1983 3148 2174 3214 gewiss
2202 3146 2408 3201 unacht.

1383 3213 1452 3294 Er
1508 3213 1579 3266 ist
1636 3212 1770 3266 ohne
1828 3214 2410 3295 Verbindungspartikel

1384 3281 2412 3418 ffifflffissssz..1323‘835221332322155

1423 3418 1530 3470 iebt
1564 3418 1678 3470 eine
1712 3418 2190 3485 Einzelvorschrift‚
2238 3420 2320 3473 die
2355 3421 2407 3472 in

1385 3430 1502 3539 gem
1520 3486 1973 3554 vorhergehenden
1997 3487 2156 3541 sehon
2179 3488 2275 3540 mit
2299 3494 2411 3541 ent-

1384 3554 1562 3607 halten
1597 3554 1689 3616 ist;
1726 3555 1860 3608 deun
1894 3556 1947 3607 in
1985 3559 2315 3608 continentia
2348 3558 2410 3607 in

1384 3625 1532 3675 victu
1552 3626 1701 3674 omni
1729 3628 1889 3691 atque
1918 3624 2069 3676 cultu
2100 3624 2227 3691 liegt
2247 3624 2408 3679 sehon

1383 3691 2407 3827 ratzzpffffissssa‘ira&gustant

1384 3827 1474 3880 der
1518 3826 1933 3895 Vergnugungen
1981 3829 2246 3881 euthalten
2291 3828 2405 3881 soll.

1381 3895 1528 3947 Auch
1554 3911 1620 3947 an
1640 3896 1751 3948 sich
1768 3897 1837 3948 ist
1856 3897 1945 3950 der
1961 3895 2234 3950 Ausdruck
2253 3913 2408 3964 prae-

1384 3968 1533 4015 ter-m.
1548 3964 1849 4032 voluptates
1866 3964 2009 4017 nicht
2023 3965 2158 4017 ohne
2167 3966 2414 4018 Austoss,

2467 636 2529 686 85

159 1233 220 1283 10
262 1225 575 1286 hominum
605 1233 765 1299 sunt,
800 1226 944 1286 haee
975 1224 1132 1304 apud
1162 1224 1414 1285 maiores
1444 1231 1685 1285 nostros
1713 1225 1993 1300 factitata,
2024 1226 2169 1287 haec
2198 1244 2419 1306 genera
2460 1248 2464 1252 ’
