2813 4537
434 288 555 351 132
1015 291 1099 344 DE
1137 290 1397 345 OFFICIIS
1434 291 1551 344 ΗΒ.
1584 291 1640 344 11.
1712 290 1853 345 CAP.
1875 295 1920 346 5.
1946 294 1994 346 6.

431 466 554 527 fere
583 464 849 539 vertitur,
895 482 1143 546 quarum
1180 482 1295 527 una
1330 473 1420 526 est
1449 464 1512 525 in
1543 462 1956 544 perspiciendo
1988 462 2131 544 quid
2159 463 2219 524 in
2252 479 2485 544 quaque
2514 483 2580 527 re

429 569 635 612 verum
663 550 1082 630 sincerumque
1112 549 1206 624 sit,
1244 548 1386 630 quid
1417 557 1884 611 consentaneum
1915 548 2150 628 cuique,
2196 549 2339 629 quid
2369 566 2581 611 conse·

433 654 642 715 quens,
687 653 755 695 ex
802 653 919 715 quo
951 653 1220 715 quaeque
1250 634 1594 714 gignantur,
1639 652 1790 714 quae
1831 634 2121 714 cuiusque
2148 634 2237 695 rei
2266 652 2441 696 causa
2470 635 2578 710 sit3

431 720 677 783 alterum
722 719 1000 781 cohihere
1037 729 1236 781 motus
1274 719 1456 781 animi
1496 718 1780 794 turbatos,
1821 737 1973 799 quos
2001 719 2211 781 Graeci
2240 715 2436 804 πάθη
2472 737 2582 780 no-

431 804 680 880 minant,
711 805 1244 885 appetitionesque,
1275 823 1422 885 quas
1444 803 1528 865 illi
1553 798 1787 886 ὃρμάς,
1818 804 2201 866 oboedientes
2223 805 2458 866 efficere
2487 823 2580 865 ra-

431 890 615 966 tioni;
650 889 883 951 tertium
907 890 999 965 iis,
1031 890 1383 971 quibuscum
1405 908 1856 969 congregemur,
1878 890 1966 951 uti
1988 890 2286 951 moderate
2310 898 2369 951 et
2388 890 2581 951 scien-

431 984 542 1049 ter,
567 991 822 1056 quorum
845 975 1055 1036 studiis
1077 994 1165 1050 ea,
1188 993 1338 1055 quae
1361 983 1570 1036 natura
1585 974 1896 1050 desiderat,
1922 974 2154 1056 expleta
2168 975 2582 1054 cumulataque

430 1060 770 1132 habeamus,
801 1079 909 1141 per
938 1060 1311 1140 eosdemque,
1357 1060 1408 1122 si
1441 1060 1583 1140 quid
1612 1060 1967 1141 importetur
1995 1059 2168 1121 nohis
2197 1060 2579 1137 incommodi,

431 1146 851 1227 propulsemus
871 1144 1341 1226 ulciscamurque
1364 1163 1487 1220 eoS,
1508 1145 1608 1226 qui
1631 1164 1849 1207 nocere
1874 1144 2048 1207 nohis
2071 1145 2267 1207 conati
2287 1145 2426 1220 sint,
2448 1154 2580 1206 tan-

429 1241 606 1310 taque
636 1248 826 1311 poena
859 1230 1216 1308 adiiciamus,
1259 1239 1538 1311 quantam
1568 1230 1831 1311 aequitas
1858 1230 2311 1310 humanitasque
2340 1230 2580 1312 patitur.

603 1314 832 1386 Quibus
858 1323 1054 1378 autem
1085 1314 1417 1377 rationibus
1444 1316 1602 1377 hanc
1630 1314 1962 1377 facultatem
1992 1316 2228 1396 assequi
2264 1316 2581 1396 possimus,

332 1401 391 1453 19
431 1408 500 1462 ut
526 1401 835 1462 hominum
866 1400 1057 1463 studia
1086 1401 1552 1482 complectamur
1581 1418 1766 1481 eaque
1796 1409 2123 1476 teneamus,
2159 1401 2442 1474 dicemus,
2474 1420 2581 1461 ne-

431 1505 546 1566 que
574 1486 652 1547 ita
682 1485 870 1547 multo
899 1497 1056 1567 post,
1099 1488 1202 1548 sed
1231 1504 1419 1567 pauca
1449 1494 1585 1548 ante
1628 1485 1875 1548 dicenda
1919 1495 2078 1548 sunt.
2150 1477 2419 1565 Magnam
2464 1487 2580 1547 vim

431 1589 560 1633 esse
599 1570 662 1633 in
705 1572 1009 1633 fortuna
1052 1571 1114 1632 in
1159 1579 1472 1652 utramque
1515 1579 1765 1653 partem,
1807 1571 1900 1633 vel
1945 1572 2233 1634 secundas
2264 1572 2338 1633 ad
2367 1589 2461 1633 res
2489 1569 2580 1631 vel

429 1656 718 1733 adversaS,
754 1656 887 1736 quis
916 1653 1195 1736 ignorat?
1252 1656 1397 1718 Nam
1429 1665 1490 1717 et
1518 1674 1655 1718 cum
1686 1675 1976 1738 prospero
2007 1658 2148 1719 flatu
2180 1655 2306 1718 eius
2336 1656 2580 1730 utimur,

431 1741 500 1802 ad
534 1741 722 1803 exitus
752 1743 1126 1822 pervehimur
1156 1749 1388 1823 optatos
1428 1752 1506 1817 et,
1551 1760 1688 1804 cum
1725 1742 1967 1818 reflavit,
2011 1740 2346 1821 affligimur.
2419 1741 2578 1802 Haec

431 1938 489 1977 es
519 1922 600 1976 die
618 1923 854 1991 Aufgahe
881 1923 969 1978 der
987 1923 1203 1991 Tugeud
1221 1926 1317 1992 ist,
1354 1925 1456 1978 den

430 1992 568 2044 Eifer
600 1992 690 2045 der
704 1992 1077 2046 Mitmenscheu
1109 1992 1191 2046 fiir
1207 2009 1360 2046 unser
1375 1994 1457 2045 ln-

433 2064 627 2112 teresse
657 2076 722 2112 zu
747 2075 956 2127 erregeu
971 2100 985 2126 ,
1020 2060 1164 2127 gicht
1199 2061 1300 2114 Cic.
1339 2062 1456 2114 eine

432 2143 563 2181 neue
580 2128 927 2195 Eintheilung‚
947 2128 1165 2181 wonach
1183 2129 1293 2182 sich
1313 2129 1455 2183 diese

431 2195 667 2263 Aufgahe
711 2195 788 2248 als
837 2195 926 2248 der
971 2196 1124 2249 dritte
1171 2196 1320 2251 Theil
1366 2196 1457 2250 der

412 2263 647 2331 ‘Tugend
670 2264 1015 2318 herausstellt.
1054 2264 1206 2320 Diese
1228 2266 1460 2320 Einthei-

429 2333 557 2400 lung
572 2333 769 2385 stimmt
786 2334 857 2385 im
870 2348 1065 2400 ganzen
1084 2334 1177 2387 mit
1197 2333 1322 2388 derl
1339 2335 1372 2404 ἦ
1392 2340 1454 2390 16

1555 1926 1901 1978 moderandis
1954 1926 2339 1992 cupiditatibus
2390 1941 2581 1991 regen-

1559 1994 1747 2060 disque
1799 1996 1972 2045 animi
2015 1996 2247 2045 motibus
2299 1993 2577 2058 laudatur,

1556 2066 1673 2113 eius
1723 2067 1802 2112 est
1844 2077 2041 2113 munus
2085 2064 2146 2112 in
2193 2061 2402 2126 agendo
2417 2100 2434 2127 ,
2490 2064 2581 2112 cui

1558 2133 1942 2196 temperantiae
1975 2144 2168 2179 nomen
2204 2134 2298 2182 est.
2334 2157 2378 2167 -
2435 2128 2582 2180 Tem-

1554 2201 1812 2264 perantia
1856 2202 2036 2248 autem
2081 2200 2141 2247 in
2188 2213 2345 2248 suas
2388 2198 2580 2249 itidem

1557 2283 1644 2318 res
1687 2272 1740 2317 et
1771 2268 1832 2317 in
1877 2281 2251 2318 communes
2286 2266 2578 2318 distributa

1558 2339 1650 2385 est.
1712 2333 1804 2386 Die
1839 2334 2240 2388 verschiedenen
2274 2333 2453 2387 Seiten
2487 2335 2580 2387 des

429 2418 481 2455 u.
503 2404 564 2454 17
603 2401 965 2468 ausgestellten
995 2402 1327 2471 Eintheiluug
1362 2402 1454 2456 des

336 2475 347 2486 ‘
431 2468 705 2522 Panaetius
729 2471 782 2521 in
807 2470 1156 2524 dianoetische
1181 2472 1284 2524 und
1302 2472 1456 2539 prak-

432 2537 596 2591 tische
624 2536 908 2605 Tugenden
940 2539 1170 2600 iiberein,
1204 2555 1300 2591 nur
1334 2540 1455 2593 dass

430 2605 513 2659 die
548 2605 843 2673 praktische
867 2605 1084 2673 Tugend
1119 2608 1228 2659 hier
1262 2608 1455 2660 wieder

429 2675 482 2726 in
511 2675 643 2726 zwei
662 2672 843 2727 Theile
874 2675 1090 2741 zerffisst,
1119 2675 1348 2728 iusofern
1377 2676 1453 2727 sie

429 2742 541 2795 sich
569 2742 792 2795 namlich
816 2742 973 2796 theils
995 2744 1048 2795 iu
1073 2743 1189 2795 dem
1207 2741 1455 2809 Suhjecte

431 2825 495 2862 an
522 2810 649 2873 sich,
688 2809 840 2863 theils
876 2810 929 2863 in
965 2810 1151 2862 dessen
1174 2810 1456 2864 Verhalten

431 2893 495 2929 zu
509 2877 607 2930 den
625 2877 997 2931 Mitmenscheu
1011 2879 1163 2944 zeigt.
1206 2878 1306 2931 Der
1318 2884 1455 2939 erste

428 2943 581 2997 Theil
605 2945 822 2998 umfasst
847 2945 1094 2999 demnach
1128 2945 1211 2998 die
1245 2951 1457 3013 magni-

430 3013 560 3064 tudo
596 3017 795 3079 animi,
848 3029 906 3067 so
943 3014 1068 3066 weit
1102 3013 1243 3066 diese
1277 3016 1330 3067 in
1366 3014 1457 3069 der

429 3081 652 3134 Freiheit
675 3097 778 3135 von
800 3081 1225 3135 Leidenschatten
1247 3083 1457 3136 besteht

427 3148 472 3214 (Ι
494 3149 527 3216 ξ
547 3153 611 3204 66
625 3150 699 3215 L),
724 3149 830 3202 und
854 3149 936 3203 die
962 3155 1335 3217 temperantia,
1371 3151 1455 3204 die

431 3216 821 3286 Beherrschung
856 3217 945 3272 der
969 3217 1153 3272 Triebe
1189 3218 1347 3273 durch
1372 3218 1455 3272 die

429 3285 684 3340 Vernuuft
704 3286 744 3353 (1
761 3289 794 3352 ξ
819 3290 949 3351 101).
985 3286 1085 3339 Der
1101 3288 1287 3340 zweite
1305 3287 1457 3341 'rheil

424 3353 520 3407 der
543 3354 872 3421 praktischeu
891 3355 1108 3422 Tugend
1132 3356 1349 3409 umfasst
1373 3356 1458 3409 die

429 3427 788 3475 communitas
801 3423 925 3476 oder
938 3426 1170 3491 iustitia,
1190 3425 1289 3476 wie
1299 3424 1457 3477 deren

430 3488 710 3545 Definition
747 3491 789 3558 (l
821 3493 852 3557 ἐ
875 3493 960 3556 22)
996 3492 1149 3559 zeigt.
1218 3492 1457 3545 Dieselbe

430 3559 762 3627 Eintheilung
815 3575 857 3614 s.
911 3564 1039 3614 orat.
1092 3564 1222 3627 part.
1260 3563 1352 3628 22,
1388 3564 1456 3615 ‘16

434 3633 511 3679 est
530 3631 709 3694 igitar
731 3631 814 3679 vis
839 3632 1063 3680 virtutis
1086 3628 1320 3695 dupleoe:
1361 3633 1461 3680 aut

431 3699 575 3747 enim
609 3699 838 3750 scientia
875 3700 1116 3748 cernitur
1149 3700 1323 3748 virtus
1358 3701 1459 3748 aut

432 3768 657 3818 actione.
684 3765 827 3817 Nam
841 3782 978 3832 quae
987 3766 1302 3832 prudentia,
1320 3782 1458 3832 quae

434 3832 705 3884 calliditas
740 3850 980 3900 quaeque
1003 3837 1329 3900 gravissimo
1362 3850 1459 3885 no-

431 3902 576 3950 mine
620 3905 891 3968 sapientia
944 3903 1275 3970 appellatur,
1327 3904 1459 3954 haec

428 3968 659 4020 scientia
702 3969 875 4037 pollet
925 3986 1053 4026 una.
1137 3970 1283 4036 Quae
1330 3986 1455 4023 vero

1558 2405 1730 2454 ersten
1785 2401 1994 2454 Theiles
2064 2401 2153 2454 der
2224 2407 2579 2471 temperantia

1556 2470 1775 2522 umfasst
1798 2470 1881 2522 die
1912 2472 2316 2536 magnitudo
2354 2475 2579 2523 animi.

1559 2538 1622 2589 In
1647 2542 2014 2590 communione
2038 2543 2215 2589 autem
2240 2555 2377 2605 quae
2391 2542 2578 2606 posita

1548 2622 1686 2673 pars
1709 2613 1809 2672 est,
1843 2610 1866 2657 i
1874 2623 1944 2658 us
1956 2609 2011 2658 ti
2020 2612 2042 2656 t
2053 2611 2076 2657 i
2087 2623 2121 2658 a
2157 2608 2377 2674 dicitur,
2412 2624 2579 2674 eaque

1558 2690 1691 2740 erga
1736 2674 2113 2740 deos·religio‚
2160 2691 2293 2740 erga
2329 2681 2580 2743 parentes

1553 2745 1777 2809 pietas·
1796 2746 2129 2794 nominatur.
2166 2741 2284 2795 Sen.
2304 2758 2386 2812 ep.
2408 2747 2492 2810 89,
2516 2747 2580 2797 14

1556 2810 1816 2861 Moralem
1858 2816 2071 2877 partem
2126 2815 2187 2862 in
2236 2815 2344 2863 tria
2389 2828 2580 2864 rursus

1558 2879 1731 2930 dividi
1754 2879 1989 2945 placuit,
2025 2884 2089 2930 at
2112 2882 2299 2946 prima
2333 2886 2466 2932 esset
2495 2884 2580 2931 in-

1554 2950 1754 3013 spectio
1780 2963 1936 2998 suum
1962 2951 2158 3013 cuique
2183 2948 2507 3000 dise-ibam
2529 2952 2584 2999 et

1557 3018 1871 3080 aestimans,
1923 3021 2124 3081 quanto
2172 3016 2424 3083 quidque
2461 3017 2582 3082 dig-

1555 3098 1684 3133 num
1706 3085 1794 3148 sit,
1818 3113 1858 3121 -
1894 3084 2131 3134 secunda
2163 3084 2229 3135 de
2263 3087 2580 3151 actionibus,

1559 3155 1723 3203 tertia
1758 3152 1824 3202 de
1857 3155 2077 3218 impetu.
2137 3150 2254 3217 Vgl.
2291 3152 2498 3219 Madvig
2534 3168 2578 3207 z.

1557 3217 1621 3271 de
1655 3218 1743 3272 fin.
1779 3218 1847 3269 lv
1883 3222 1939 3286 2,
1967 3224 1997 3271 4
2032 3236 2083 3286 p.
2108 3222 2226 3273 483.

1629 3291 1677 3340 4.
1715 3286 1945 3338 alterum
1967 3289 2243 3339 cohibere.-
2280 3287 2327 3342 d.
2347 3288 2381 3342 ἰ.
2407 3289 2581 3339 altera

1557 3372 1643 3407 res
1678 3361 1756 3407 est
1785 3359 1845 3406 in
1882 3356 2188 3409 cohibendo·

1627 3428 1674 3477 7.
1712 3440 1941 3490 quoram
1975 3424 2202 3475 studiis.-
2236 3421 2326 3475 der
2354 3422 2583 3475 Relativ-

1560 3497 1668 3545 satz
1703 3493 1847 3559 gieht
1881 3492 1980 3544 deu
2015 3490 2206 3544 Zweck
2239 3506 2319 3544 an.

1634 3563 1708 3613 13.
1744 3560 2000 3626 Magnam
2034 3564 2143 3611 vim
2176 3575 2299 3611 esse.
2355 3558 2455 3611 Der
2476 3560 2584 3610 Ab·

1561 3628 1752 3681 schnitt
1786 3630 1914 3681 fiber
1948 3629 2031 3681 die
2063 3627 2235 3680 Macht
2272 3626 2363 3680 des
2387 3627 2583 3680 Glucks

1560 3694 1593 3763 ἦ
1617 3699 1679 3750 19
1708 3713 1755 3750 u.
1777 3700 1842 3750 20
1873 3696 1972 3749 soll
2003 3697 2102 3749 den
2125 3695 2375 3749 Eiuwand
2399 3696 2586 3749 wider-

1559 3764 1738 3831 legeu‚
1795 3764 1913 3818 dass
1950 3765 2039 3817 der
2072 3764 2238 3817 Zufall
2292 3764 2407 3817 dem
2441 3763 2585 3816 Men-

1561 3833 1719 3886 schen
1754 3834 1897 3886 mehr
1931 3833 2121 3885 schade
2157 3833 2281 3885 oder
2315 3837 2468 3885 uutze
2504 3832 2582 3884 als

1561 3901 1642 3953 die
1677 3899 1954 3955 Menschen
1990 3900 2154 3954 selhst
2190 3900 2445 3953 einander.

1634 3972 1711 4023 16.
1770 3970 1912 4021 Haec
1945 3972 2118 4036 igitur
2151 3973 2271 4037 ipsa
2304 3968 2442 4022 steht
2479 3968 2581 4020 wie

2625 1240 2685 1292 10

2623 1669 2683 1720 15
