2813 4537
1127 1392 1715 1480 'ABWEIGHUN
1723 1393 1912 1478 GEN

558 1548 695 1602 VON
731 1547 862 1602 DEN
898 1545 1241 1601 LESARTEN
1275 1545 1406 1599 DER
1441 1544 2118 1600 BAITER-HALMSCHEN
2155 1546 2477 1604 AUSGABE.

1135 1683 1310 1726 Baitero
1338 1682 1493 1725 Lesart
1519 1682 1578 1725 ist
1604 1680 1916 1733 magnetem.

1280 1799 1532 1854 ERSTES
1569 1799 1758 1857 BUGH.

581 1902 614 1972 ξ
635 1905 664 1958 3
691 1917 1001 1971 magnopere
1024 1901 1176 1953 Hdss.
1199 1931 1268 1940 —
1302 1916 1491 1969 magno
1517 1916 1671 1970 opere
1695 1904 1773 1968 (so
1799 1919 1871 1954 an
1896 1902 2042 1954 allen
2066 1902 2299 1965 Stellen).
2349 1905 2398 1956 6.
2424 1901 2600 1956 dicant

444 1971 594 2025 Hdss.
612 1970 896 2025 —ducant
970 1973 1015 2022 7.
1043 1985 1176 2040 quae
1193 1969 1492 2022 Muther—
1509 1985 1740 2038 quorum.
1803 1973 1852 2026 8.
1886 1969 2114 2023 officium
2137 1969 2389 2035 καθῆκον
2407 1972 2603 2023 Pecu-ee

443 2070 512 2079 -
530 2039 775 2094 officium.
851 2042 928 2093 14.
967 2038 1090 2106 quid
1124 2037 1307 2092 modus
1347 2038 1545 2104 Unger,
1578 2055 1622 2091 e.
1652 2040 1895 2091 Ambrae.
1921 2039 1987 2091 de
2004 2040 2096 2103 off:
2123 2039 2187 2091 el.
2212 2040 2240 2090 Ι
2262 2056 2305 2094 c.
2332 2041 2397 2091 22
2422 2068 2490 2078 —-
2512 2040 2600 2108 qui

443 2108 642 2163 modus.
696 2108 969 2160 honestum
988 2111 1069 2159 est
1086 2136 1155 2144 -—
1172 2107 1446 2159 honestum
1465 2106 1548 2160 sit.
1640 2110 1718 2160 15.
1757 2106 2001 2175 discripta
2031 2107 2200 2158 Heine
2228 2136 2297 2145 -
2328 2105 2602 2188 descripta.

445 2180 528 2232 21.
564 2175 841 2244 descriptio
875 2205 945 2213 -—
980 2173 1260 2242 discripti0.
1333 2173 1396 2227 de
1434 2190 1537 2244 quo
1561 2204 1629 2212 —
1652 2189 1682 2226 e
1718 2191 1839 2242 quo.
1910 2177 1992 2229 29.
2028 2173 2601 2236 Quando—Quoniam

444 2247 611 2309 (nach
629 2249 779 2297 einer
795 2244 965 2311 lida).
1002 2245 1083 2298 40.
1100 2242 1189 2312 qui
1208 2241 1773 2312 peierassentHdre.-—
1791 2242 1911 2312 quia
1931 2242 2264 2312 peierassent.
2300 2246 2384 2297 45.
2401 2242 2602 2298 animus

444 2330 565 2382 erga
599 2329 693 2366 nos
730 2318 783 2366 et
818 2312 883 2366 ad
917 2316 1119 2366 nostras
1155 2312 1409 2365 utilitates
1445 2310 1620 2365 officia
1655 2316 1774 2364 ante
1812 2312 2027 2379 collata,
2076 2318 2130 2366 et
2164 2312 2504 2366 communitas
2539 2329 2609 2370 ac.

442 2383 666 2437 societas
699 2383 840 2435 vitae
892 2380 1072 2447 Unger
1104 2381 1240 2433 Phil.
1277 2380 1445 2448 Supp.
1480 2380 1570 2431 III
1592 2396 1646 2448 p.
1684 2382 1749 2435 28
1784 2409 1854 2419 --
1892 2381 2045 2433 anim.
2082 2396 2204 2448 erga
2239 2396 2334 2434 nos
2370 2386 2422 2433 et
2459 2396 2601 2435 com-

440 2452 666 2505 munitas
702 2466 763 2503 ac
799 2466 905 2504 soc.
942 2449 1081 2502 vitae
1118 2454 1171 2502 et
1207 2448 1271 2502 ad
1308 2452 1512 2501 nostras
1546 2447 1701 2501 utilit.
1739 2447 1825 2502 off.
1862 2464 1907 2502 a.
1946 2449 2064 2503 coll.
2149 2453 2232 2505 51.
2270 2453 2351 2502 est
2386 2450 2595 2503 constit.

441 2520 607 2572 Heine
641 2548 710 2556 —
745 2517 814 2571 sit
849 2518 1054 2570 constit.
1126 2519 1208 2571 52.
1246 2516 1523 2585 profluenti
1559 2516 1728 2568 Heine
1760 2546 1829 2555 —
1864 2517 2166 2585 profluente.
2237 2520 2320 2572 56.
2358 2516 2599 2571 ultimum

440 2589 494 2640 in
530 2586 754 2640 amicitia
790 2584 993 2654 putavit
1027 2584 1168 2639 Non.
1187 2601 1243 2653 p.
1270 2588 1370 2639 417
1409 2614 1478 2623 -
1512 2584 1626 2637 vult
1660 2585 1714 2638 in
1750 2585 1988 2639 amicitia.
2095 2585 2228 2639 datis
2263 2586 2599 2656 acceptisque

442 2656 593 2710 Hdse.
630 2684 700 2693 ——-
735 2653 868 2707 datis
905 2654 1148 2722 acceptis
1229 2657 1313 2709 64.
1351 2652 1574 2706 excellet
1607 2653 1759 2706 Hdss.
1793 2683 1863 2692 —
1898 2654 2120 2709 excellit.
2192 2656 2257 2708 69
2296 2654 2489 2719 [animi]
2529 2685 2598 2693 —

443 2725 577 2776 lae'iset
606 2725 669 2776 B.
700 2738 837 2788 weg.
908 2725 991 2775 71.
1028 2726 1108 2775 est
1144 2737 1299 2775 causa
1333 2721 1787 2775 Manutius—sit
1823 2737 1992 2776 causa.
2021 2776 2026 2779 Α
2064 2725 2146 2776 76.
2180 2721 2598 2787 Lacedaemoniis

441 2791 711 2845 dilatatum
747 2793 864 2842 eine
898 2790 1025 2843 Hds.
1059 2818 1129 2829 —-
1163 2794 1364 2858 partum
1399 2789 1833 2844 Lacedaemoniis,
1905 2793 1988 2853 84.
2024 2789 2148 2843 Non*
2174 2791 2310 2843 enim
2344 2791 2498 2843 Haec.
2528 2821 2597 2830 —

441 2875 680 2912 noenum.
752 2858 1000 2927 optimum
1027 2862 1107 2911 est
1140 2859 1453 2911 Fleckeisen
1490 2888 1559 2897 —
1596 2859 1847 2926 optimum
1882 2859 1968 2914 sit.
2021 2861 2103 2911 98.
2143 2861 2386 2928 [quoque]
2412 2861 2597 2926 Heme,

441 2928 546 2994 vgl.
585 2928 830 2978 Dietriok
863 2926 1051 2978 Jahrb.
1084 2925 1127 2988 Ῑὶ
1161 2927 1301 2979 Phil.
1329 2929 1464 2981 1864
1494 2943 1548 2995 p.
1571 2929 1688 2992 528,
1724 2928 1821 2980 der
1854 2943 1957 2980 uno
1995 2925 2217 2995 quodam
2254 2928 2385 2980 oder
2421 2928 2595 2996 aliquo

437 2997 714 3048 schreiben
747 2994 877 3046 will.
987 2996 1100 3047 101.
1135 2993 1540 3062 fugiendumque
1572 2995 1725 3047 Hdse.
1761 3023 1830 3034 -—
1864 2994 2245 3062 fugiendumve.
2320 2995 2396 3047 lta
2430 2996 2491 3048 fit
2528 3025 2597 3035 —

440 3063 717 3131 descriptio
767 3061 928 3115 officii
975 3062 1186 3114 erkliirt
1218 3063 1279 3114 B.
1324 3061 1426 3123 sicr
1458 3063 1811 3129 interpollet-t.
1894 3061 2171 3130 descriptio
2207 3092 2276 3103 —-
2312 3063 2593 3131 discriptio.

445 3135 560 3185 102.
581 3130 774 3195 [animi]
793 3131 974 3183 Heme.
1032 3133 1147 3183 104.
1174 3130 1480 3199 intempore
1496 3131 1806 3184 Fleckeisen
1830 3159 1892 3169 —
1913 3136 2159 3199 tempore.
2214 3136 2272 3184 ut
2290 3131 2336 3184 si
2354 3132 2505 3185 Hdss.
2527 3161 2595 3170 —

442 3204 531 3253 aut
566 3200 625 3253 si.
701 3201 814 3253 106.
850 3202 1033 3252 natura
1068 3198 1290 3251 hominis
1323 3199 1470 3265 vulg.
1506 3227 1573 3238 -
1608 3202 1805 3251 natura.
1880 3201 1991 3252 109.
2028 3198 2184 3253 alium
2200 3200 2595 3253 Face-inlati—

442 3268 665 3336 aliquem
685 3268 807 3330 (Die
823 3267 974 3318 Hdss.
993 3266 1149 3319 alium
1169 3282 1322 3334 quem
1360 3270 1462 3333 ue).
1531 3266 1770 3334 idemque
1789 3267 1938 3320 Hdu.
1956 3297 2026 3307 —·
2053 3268 2296 3336 itemque.
2349 3266 2596 3332 †Mancia

439 3337 611 3387 Heine
632 3365 700 3374 —
722 3334 939 3388 Mancia.
1015 3337 1127 3388 112.
1164 3335 1219 3387 in
1254 3350 1315 3389 ea
1352 3351 1434 3389 em
1471 3350 1623 3388 causa
1662 3334 1944 3387 klammert
1968 3337 2027 3388 B.
2052 3339 2142 3388 ein
2154 3356 2175 3401 ,-
2208 3338 2393 3387 ebenso
2432 3335 2465 3402 ξ
2499 3339 2593 3389 113

441 3408 493 3457 et
516 3403 810 3457 iucundum.
863 3403 1083 3455 maxime
1108 3418 1257 3456 suum
1284 3419 1368 3470 vg.
1395 3433 1463 3442 —
1489 3403 1727 3459 maxime.
1800 3407 1914 3458 114.
1935 3403 2326 3473 Clytemestram
2348 3404 2502 3455 Hdss.
2527 3433 2595 3442 —

444 3473 920 3541 Clytaemnestram.
988 3474 1102 3526 118.
1133 3471 1244 3524 sine
1268 3471 1556 3540 parentium
1576 3471 1624 3525 d.
1644 3471 1990 3538 Stilrenburg
2008 3502 2075 3512 -
2106 3473 2218 3526 sive
2234 3473 2523 3539 parentium
2543 3471 2592 3526 d.

445 3544 558 3595 126.
604 3539 810 3594 foedum
848 3539 1000 3592 Klotz
1052 3568 1112 3578 -—
1164 3543 1365 3608 turpem
1400 3542 1563 3604 (nach
1594 3541 1754 3594 Bern.
1792 3558 1854 3608 c.,
1900 3542 1988 3593 die
2023 3544 2200 3592 bes-ten
2234 3540 2382 3593 [ider.
2421 3542 2593 3591 haben

439 3610 692 3675 sormam).
759 3610 869 3662 128.
901 3606 1072 3660 verbis
1089 3607 1241 3660 Hdss.
1259 3637 1328 3646 —
1347 3608 1641 3661 nominibus
1661 3623 1720 3660 ac
1739 3608 1911 3662 verbis
1934 3611 2076 3661 nacla
2091 3610 2252 3663 Bern.
2279 3625 2323 3661 c.
2347 3607 2594 3663 ducamus

440 3679 672 3745 filngere
704 3677 854 3728 Hdss.
889 3705 957 3716 -
994 3675 1237 3729 dicamus.
1347 3679 1459 3730 130.
1497 3681 1742 3729 venustas
1778 3682 1858 3731 est
1893 3677 2066 3729 Halm.
2112 3706 2183 3715 -
2226 3681 2471 3730 venustas
2507 3677 2591 3729 sit.

445 3749 557 3801 133.
594 3746 647 3798 hi
672 3774 739 3784 -
762 3745 837 3813 ii.)
892 3747 1003 3797 137.
1037 3743 1092 3796 id
1125 3760 1226 3795 vor
1260 3760 1417 3798 causa
1452 3744 1737 3797 klammert
1766 3747 1828 3800 B.
1866 3749 1971 3797 ein.
2046 3748 2158 3799 139.
2186 3746 2433 3811 cuiusque
2452 3743 2591 3796 modi

444 3813 600 3865 Bern.
626 3831 670 3866 c.
696 3843 764 3881 Τ-
794 3812 1040 3880 cuiusque
1077 3813 1279 3879 generis
1313 3813 1476 3868 Ber-n.
1513 3830 1563 3865 α.
1637 3816 1749 3866 140.
1786 3812 2594 3881 mediocritatemque—medio·

444 3880 690 3934 critatem.
762 3883 875 3934 144.
911 3880 1071 3948 Atqui
1108 3881 1274 3932 Heine
1308 3910 1375 3950 -Τ
1410 3881 1597 3950 Atque.
1672 3884 1785 3936 145.
1822 3886 2033 3950 apparet
2057 3882 2208 3935 Hau.
2234 3911 2312 3920 —·
2326 3886 2592 3949 apparent.

445 3945 697 4000 desiderat
724 3949 874 4000 Hdse.
901 3977 970 3987 —
1000 3947 1307 4004 desiderant.
1381 3953 1494 4006 146.
1531 3949 1970 4004 animadversores
2003 3951 2150 4016 vulg.
2168 3980 2238 3990 —·
2267 3950 2298 3985 *
2316 3949 2346 3984 *
2365 3948 2593 4002 animad-

2757 2886 2762 2921 A

2747 3536 2752 3635 ι

2745 3670 2750 3773 4

2721 3924 2746 4105 -1

2701 4160 2744 4491 l
