2813 4537
874 269 1260 327 ιιι-01918118
1296 269 1413 326 Lm.
1441 272 1496 325 tt.
1567 271 1708 326 GAP.
1739 275 1813 327 11.
2302 267 2424 332 145

273 444 447 507 otiam
476 444 689 525 magis,
734 444 925 526 quod,
971 463 1099 507 eam
1128 445 1177 507 si
1208 463 1331 507 non
1372 444 1709 521 habebunt,
1755 445 1983 524 [iniusti
2027 444 2429 526 habebuntur]

271 529 453 591 nullis
480 530 788 611 praesidiis
817 531 1003 612 saepti
1034 529 1237 592 multis
1266 530 1601 593 afficientur
1627 531 1878 593 iniuriis.
1925 533 2117 612 Atque
2137 531 2212 594 iis
2231 533 2427 609 etiam,
2472 539 2532 594 40

274 615 376 695 qui
405 615 670 678 vendunt
699 624 938 691 emunt,
981 617 1331 678 conducunt
1367 616 1566 678 locant
1603 616 2141 698 contrahendisque
2169 617 2432 698 negotiis

272 699 674 782 implicantur,
704 701 924 764 iustitia
953 701 1025 764 ad
1055 719 1182 763 rem
1219 702 1535 781 gerendam
1570 702 1901 764 necessaria
1930 710 2039 776 est,
2068 703 2242 764 cuius
2270 711 2431 766 tanta

212 789 246 843 5
273 786 360 847 vis
389 794 498 860 est,
530 796 595 848 ut
625 805 702 848 ne
729 785 816 848 illi
847 787 1105 867 quidem,
1137 786 1239 868 qui
1262 787 1553 849 maleficio
1578 797 1639 849 et
1662 787 1887 849 scelere
1911 796 2258 868 pascuntur,
2289 803 2430 869 pos-

274 870 395 932 sint
425 872 555 934 sine
582 871 702 934 ulla
733 871 1021 953 particula
1050 873 1303 935 iustitiae
1330 873 1542 934 vivere.
1600 872 1747 934 Nam
1778 873 1886 954 qui
1915 889 2123 934 eorum
2153 872 2430 954 cuipiam,

273 954 374 1036 qui
406 974 524 1018 una
554 957 1004 1032 latrocinantur,
1036 959 1264 1019 iuratur
1291 956 1516 1038 aliquid
1545 967 1649 1020 aut
1677 959 1853 1039 eripit
1873 1003 1889 1033 ,
1920 957 1972 1019 is
2000 957 2110 1019 sibi
2142 975 2220 1020 ne
2251 958 2312 1020 in
2340 957 2431 1021 la-

271 1041 527 1104 trocinio
573 1043 812 1123 quidem
854 1042 1139 1124 relinquit
1166 1041 1383 1117 locum,
1426 1042 1527 1105 ille
1560 1051 1777 1117 autem,
1822 1042 1925 1124 qui
1955 1043 2310 1126 archipirata
2340 1043 2430 1105 di-

273 1131 457 1203 citur,
490 1128 615 1189 nisi·
636 1125 1023 1209 aequabiliter
1049 1129 1325 1209 praedam
1355 1127 1694 1209 dispertiat,
1724 1139 1827 1190 aut
1856 1128 2242 1191 interficiatur
2269 1148 2302 1190 a
2329 1145 2431 1190 so-

172 1211 231 1270 to
272 1211 380 1273 ciis
408 1220 510 1275 aut
538 1213 927 1294 relinquatur.
1001 1212 1159 1285 Quin
1192 1213 1367 1276 etiam
1405 1214 1567 1293 leges
1609 1213 1910 1275 latronum
1955 1231 2085 1275 esse
2128 1213 2428 1289 dicuntur,

234 1309 246 1320 ·
273 1296 491 1377 quibus
521 1309 784 1382 pareant,
815 1317 962 1380 quas
990 1299 1322 1361 observent.
1366 1299 1573 1379 ltaque
1600 1307 1848 1380 propter
1869 1299 2236 1379 aequabilem
2257 1315 2430 1380 prae-

273 1383 380 1444 dae
410 1384 787 1464 partitionem
818 1394 876 1447 et
897 1384 1167 1448 Bardulis
1189 1381 1424 1465 Illyrius
1443 1384 1660 1463 [latro],
1689 1385 1764 1446 de
1792 1401 1912 1465 quo
1937 1393 2028 1446 est
2051 1386 2210 1465 apud
2233 1383 2432 1447 Theo-

271 1485 592 1549 pompum,
636 1487 880 1550 magnas
923 1488 1069 1552 opes
1111 1470 1316 1533 habuit
1345 1477 1406 1532 et
1448 1470 1637 1532 multo
1680 1470 1932 1532 maiores
1973 1469 2270 1532 Viriathus
2309 1469 2432 1532 Lu*

273 1552 530 1629 situnne,
578 1556 674 1618 cui
719 1556 958 1636 quidem
1002 1556 1174 1618 etiam
1220 1555 1514 1617 exercitus
1544 1556 1734 1617 nostri
1764 1556 2271 1636 imperatoresque
2301 1574 2431 1617 ces-

173 1637 231 1695 1⁸
273 1648 499 1715 serunt,
528 1658 719 1720 quem
749 1640 813 1701 G.
847 1640 1112 1714 Laelius,
1154 1641 1207 1702 is
1237 1641 1340 1721 qui
1371 1641 1625 1721 Sapiens
1655 1648 2004 1720 usurpatur,
2047 1648 2285 1721 praetor
2314 1641 2429 1702 fre·

272 1723 358 1802 git
387 1732 446 1786 et
475 1725 828 1786 comminuit
856 1725 1343 1805 ferocitatemque
1374 1724 1504 1787 eius
1533 1724 1611 1786 ita
1641 1723 1958 1805 repressit,
1997 1733 2067 1785 ut
2106 1724 2280 1786 facile
2305 1724 2432 1786 bel-

270 1807 396 1869 lum
439 1810 682 1890 reliquis
725 1809 996 1871 traderet.
1071 1810 1219 1871 Cum
1262 1811 1447 1890 igitur
1492 1817 1656 1872 tanta
1693 1810 1779 1870 vis
1809 1808 2063 1870 iustitiae
2101 1809 2208 1883 sit,
2251 1817 2323 1871 ut
2365 1828 2439 1872 ea

272 1893 445 1955 etiam
477 1894 772 1956 latronum
805 1913 951 1976 opes
980 1896 1168 1957 firmet
1200 1905 1376 1976 atque
1411 1903 1652 1974 augeat,
1697 1901 1978 1975 quantam
2020 1892 2148 1956 eius
2191 1895 2307 1955 vim
2337 1894 2436 1956 in-

273 1986 364 2040 ter
405 1978 566 2059 leges
608 1989 667 2042 et
708 1979 922 2042 iudicia
969 1990 1024 2041 et
1070 1979 1132 2042 in
1177 1981 1502 2043 constituta
1549 1998 1614 2042 re
1660 1978 1895 2061 publica
1942 1979 2069 2041 fore
2115 1978 2435 2060 putamus?

349 2113 391 2166 1.
445 2114 638 2164 iniusti
659 2115 1010 2168 habebunmr.
1062 2113 1301 2183 Asyude·

272 2183 363 2232 ton
398 2179 503 2232 und
527 2181 933 2249 tautologischer
949 2180 1078 2235 Sinn
1100 2181 1302 2235 beleun-

273 2247 372 2301 den
391 2247 474 2301 die
492 2248 674 2304 Worte
697 2250 776 2303 als
793 2249 1162 2305 Eiuschiebsel.
1212 2249 1299 2304 Sie

271 2314 504 2369 bildeten
536 2319 896 2386 ursprtinglich
928 2320 1044 2373 eine
1077 2319 1303 2372 Rander·

272 2383 495 2451 klarung
528 2400 592 2437 zu
637 2401 754 2437 eam
787 2390 836 2438 ei
870 2402 980 2439 non
1015 2390 1300 2439 habebunt.

344 2455 391 2507 3.
447 2455 956 2521 contrahendisque.-
1009 2471 1111 2522 que
1161 2456 1302 2508 steht

273 2520 399 2585 hier,
435 2521 537 2573 wie
573 2520 820 2589 deniqne,
855 2523 940 2576 die
972 2522 1303 2591 Aul'zahlung

273 2588 658 2642 abschliessend
693 2591 798 2644 und
832 2591 923 2644 das
947 2591 1191 2643 Einzelne
1216 2607 1304 2643 zu-

1399 2113 1469 2166 Er
1504 2113 1674 2166 ftlhrte
1710 2126 1876 2180 gegen
1906 2111 2111 2181 Philipp
2136 2127 2241 2165 von
2264 2107 2436 2165 Mace·

1400 2182 1590 2235 donien
1606 2181 1727 2246 (den
1739 2180 1897 2233 Vater
1907 2180 2241 2247 Alexanders)
2262 2178 2433 2248 Krieg,

1400 2265 1488 2304 um
1506 2249 1584 2306 01.
1608 2253 1722 2316 104,
1736 2252 1767 2303 2
1787 2250 1947 2316 (359).
1985 2248 2249 2303 Viriathus
2262 2248 2433 2303 ftihrte

1401 2320 1485 2371 die
1538 2319 1825 2372 Lusitauier
1876 2319 1946 2371 im
2000 2316 2216 2386 Kampl'e
2266 2332 2432 2385 gegen

1403 2387 1486 2440 die
1515 2386 1713 2439 Romer.
1767 2386 1835 2438 Er
1868 2386 2052 2453 schlug
2086 2386 2318 2439 mehrere
2352 2390 2436 2439 ro—

1402 2454 1599 2507 mische
1643 2453 1923 2507 Praetoren
1968 2454 2074 2506 und
2113 2454 2434 2507 vernichtete

1401 2523 1513 2575 ihre
1560 2522 1747 2587 Heere,
1802 2536 1913 2574 was
1963 2521 2067 2574 Gic.
2114 2521 2233 2573 sehr
2277 2521 2434 2574 milde

1403 2590 1563 2644 durch
1607 2595 1879 2642 cesserunt
1923 2588 2217 2644 ausdruckt.
2287 2590 2434 2642 Auch

272 2657 725 2711 sammeni'assend.

342 2728 388 2778 5.
421 2741 490 2776 ne
511 2726 598 2776 illi
614 2728 859 2794 quidem.-
890 2726 1042 2780 Plato
1060 2726 1123 2779 de
1142 2741 1197 2779 re
1214 2742 1264 2794 p.
1284 2726 1303 2778 1

214 2827 219 2832 -
272 2808 322 2859 p.
348 2795 438 2846 351
468 2794 520 2846 G.
550 2789 721 2847 δοκεῖς
743 2788 814 2848 ἂν
836 2788 870 2862 ἢ
893 2789 1060 2849 πόλιν
1082 2790 1116 2860 ἢ
1140 2810 1303 2868 στρα-

270 2856 513 2941 ῖόπεδον
562 2856 596 2928 ἢ
650 2859 850 2934 λῃστὰς
904 2858 938 2930 ἢ
990 2859 1225 2915 κλέπτας
1268 2856 1305 2929 ἢ

272 2924 403 2981 alio
435 2947 493 2981 τι
528 2930 698 2983 ἔθνος
711 2971 724 2994 ,
773 2926 878 2985 ὅσα
911 2931 1069 2997 κοινῆ
1117 2933 1216 2984 ἐπί
1244 2949 1303 2983 τι

274 2995 487 3067 ἔρχεται
520 2992 736 3071 ἀδίκως,
773 2999 975 3073 πρᾶξαι
1008 2985 1078 3051 ἅν
1117 3018 1176 3052 τι
1211 2994 1303 3052 δύ·

273 3064 523 3129 νασθαι,·
551 3067 600 3118 εἰ
633 3062 873 3122 ἀδικοῖεν
907 3062 1183 3129 ἀλλ’λουσς
1240 3061 1303 3119 οὗ

274 3127 429 3197 δῆτα.
462 3135 533 3188 ib.
557 3152 608 3203 p.
629 3138 728 3189 352
748 3138 802 3190 C.
838 3132 978 3189 ἀλλὰ
1045 3133 1181 3202 ἧλον
1214 3129 1304 3188 ὅτι

440 3217 522 3253 τις
557 3199 738 3255 αὐτοῖς
771 3200 1106 3290 δικαιοσύνῃ,
1142 3197 1185 3288 ἦ
1212 3198 1306 3257 αὖ·

275 3280 402 3318 τους
453 3271 627 3321 ἐποίει
653 3268 842 3355 ιμήτοι
898 3276 991 3324 καὶ
1049 3268 1306 3338 vellaloue

274 3352 336 3406 yn
370 3339 464 3387 καὶ
497 3338 526 3386 8
573 3332 588 3353 ’
616 3353 708 3390 ovs
740 3337 913 3406 ἤισαν
947 3332 1060 3408 ἅμα
1094 3334 1305 3393 ἀδικεῖν

276 3396 353 3454 δι’
391 3397 463 3470 ἣν
495 3356 755 3475 {ougast
779 3403 816 3459 ἃ
849 3406 1112 3477 ὀπραξαν.

298 3504 308 3513 ·
342 3475 392 3525 6.
426 3475 543 3525 sine
575 3474 692 3525 ulla
712 3478 929 3542 partic„
965 3476 1099 3528 ohne
1121 3476 1302 3543 irgend

273 3541 508 3596 welchen
544 3541 722 3609 Theil,
762 3544 810 3597 d.
833 3543 866 3597 i.
969 3558 1034 3595 ns
1069 3544 1220 3597 ohne.

350 3611 424 3662 12.
463 3610 722 3663 Bardulis
741 3611 848 3665 und
917 3610 1154 3663 iriathm
1176 3627 1306 3665 wer·

275 3673 375 3728 den
420 3683 573 3733 unter
626 3680 710 3733 die
757 3679 962 3734 Riuber
1009 3680 1301 3748 gerechnet,

272 3743 394 3823 vyeil
439 3746 514 3799 sie
550 3748 659 3801 ihre
695 3747 881 3817 Kriege
925 3748 1084 3801 durch
1119 3748 1301 3801 rimbe-

273 3812 443 3865 nsohe
471 3815 690 3870 Einfflle
720 3817 825 3870 und
857 3818 987 3870 nach
1006 3815 1181 3870 Weise
1212 3815 1303 3869 der

272 3879 526 3936 Gnefillas
552 3883 775 3940 fsshrten.
818 3885 928 3939 Den
944 3889 1123 3939 ersten
1141 3890 1301 3938 neunt

272 3946 464 4004 Diodor
496 3951 611 4004 XVI
644 3956 678 4007 4
729 3953 900 4022 Kouig
950 3954 1041 4007 der
1084 3952 1298 4024 lllyrier.

380 4043 473 4087 cic.
499 4043 555 4087 de
584 4043 763 4089 officiis.
814 4048 853 4089 5.
884 4047 1000 4091 Autl.

1404 2659 1607 2711 Laelius
1659 2658 1854 2711 konnte
1906 2657 2077 2710 nichts
2130 2671 2298 2725 gegen
2344 2656 2434 2710 ihu

1405 2726 1726 2792 ausrichten,
1780 2726 2011 2779 obschon
2057 2740 2112 2778 er
2155 2726 2297 2778 nicht
2333 2726 2438 2778 wie

1405 2795 1488 2848 die
1512 2794 1749 2848 Anderen
1773 2794 2095 2862 schimpflich
2122 2794 2434 2862 geschlagen

1406 2864 1599 2916 wurde.
1678 2862 1780 2914 Der
1830 2862 2021 2915 Consul
2075 2861 2133 2923 Q.
2181 2861 2436 2916 Maximus

1406 2931 1724 2984 Servilianos
1768 2931 1970 2983 schloss
2005 2930 2100 2983 mit
2133 2931 2239 2983 ihm
2284 2930 2431 2985 einen

1404 3000 1620 3067 billigen
1655 2998 1870 3052 Frieden
1896 3001 1996 3053 002
2019 3001 2190 3066 (152),
2227 2999 2325 3052 den
2354 3001 2442 3066 ,ie-

1408 3068 1539 3121 doch
1588 3068 1699 3121 sein
1734 3067 2047 3135 Nacht'olger
2087 3067 2146 3128 Q.
2185 3066 2435 3121 Servilius

1408 3137 1596 3206 Caepio
1649 3136 1807 3188 brach
1857 3135 1964 3188 und
2007 3134 2272 3188 Viriathus
2323 3150 2440 3188 ver-

1406 3204 1691 3257 ratherisch
1727 3202 1996 3257 emorden
2030 3203 2170 3256 liess.
2221 3201 2437 3257 Momm-

1409 3287 1501 3326 sen
1536 3275 1663 3325 rbm.
1705 3271 1889 3324 Gesch.
1925 3270 1966 3323 11
2001 3288 2053 3339 p.
2088 3270 2192 3324 eff.

1483 3340 1748 3408 Theopom
1932 3338 2023 3391 der
2076 3338 2293 3393 Schuler
2344 3340 2436 3394 des

1404 3408 1690 3474 lsokrates,
1760 3423 1816 3461 er
1884 3408 1933 3460 ie
1968 3406 2276 3462 Geschichte
2294 3409 2437 3463 Gric-

1405 3476 1685 3531 chenlands
1732 3492 1836 3530 von
1872 3476 1988 3529 dem
2023 3478 2299 3545 Ausgange
2342 3477 2435 3530 des

1404 3545 1906 3614 peloponnesischen
1942 3544 2156 3612 Krieges
2212 3546 2294 3598 bis
2348 3544 2440 3598 auf

1406 3615 1551 3667 aeine
1585 3613 1698 3666 zeit
1743 3613 1797 3667 in
1834 3614 2175 3667 rhetorischer
2208 3613 2432 3666 Darstel-

1406 3682 1533 3749 lung
1567 3681 1902 3749 geschrieben
1938 3682 2096 3734 hatte.

1478 3753 1557 3805 16.
1592 3748 1758 3812 facile
1793 3750 2016 3815 bellum,
2066 3749 2114 3804 d.
2151 3749 2184 3801 i.
2240 3748 2434 3801 bollum

1401 3817 1569 3879 facile
1603 3819 1678 3870 ad
1709 3819 2116 3883 conficiendum.

1481 3889 1556 3940 19.
1607 3890 1924 3952 constituta,
1972 3884 2021 3939 d.
2057 3886 2091 3938 i.
2148 3888 2275 3936 bene
2310 3900 2437 3938 con-

1403 3957 1615 4008 alima.
