2813 4537
839 291 924 344 DE
962 290 1222 345 OFFICIIS
1259 291 1437 349 LIRI.
1499 293 1641 351 CAP.
1668 297 1751 351 31.
2302 292 2381 354 95

225 466 404 528 liores
418 511 434 541 ,
496 462 704 526 Catoni
762 483 901 528 cum
954 464 1361 528 incredibilem
1417 466 1721 530 tribuisset
1778 476 1987 532 natura
2040 469 2382 550 gravitatem

226 569 472 632 eamque
501 550 632 631 ipse
662 558 947 633 perpetua
977 551 1309 614 constantia
1336 551 1733 616 roboravisset
1771 572 2125 637 semperque
2151 555 2213 616 in
2245 574 2385 636 pro·—

225 637 420 718 posito
478 646 875 717 susceptoque
935 636 1185 698 consilio
1246 639 1697 718 permansisset,
1754 641 2128 703 moriendum
2186 640 2387 720 potius

227 740 403 804 quam
444 722 681 803 tyranni
725 721 923 784 vultus
963 721 1342 803 aspiciendus
1383 724 1514 786 fuit.
1583 724 1771 796 Quam
1815 726 1999 799 multa
2043 744 2256 808 passus
2295 735 2487 788 est113

148 816 179 866 5
223 808 424 871 Ulixes
449 806 513 869 in
545 807 648 869 illo
680 826 883 870 errore
910 807 1191 870 diuturno
1209 854 1224 885 ,
1256 826 1393 872 cum
1425 821 1484 871 et
1511 809 1878 887 mulieribus,
1908 811 1959 873 si
1990 810 2157 874 Circe
2188 821 2246 872 et
2276 809 2381 873 Ca·

225 893 396 975 lypso
426 892 707 955 mulieres
733 892 1118 975 appellandae
1152 902 1327 969 sunt,
1369 895 1683 958 inserviret
1711 905 1769 958 et
1810 897 1873 958 in
1917 897 2079 958 omni
2107 914 2386 959 sermone

226 979 505 1041 omnibus
532 978 824 1040 affabilem
855 989 907 1041 et
935 979 1257 1041 iucundum
1303 997 1434 1042 esse
1476 1000 1542 1043 se
1568 980 1773 1044 vellet!
1833 982 2006 1043 Domi
2042 1001 2180 1044 vero
2212 980 2385 1043 etiam

226 1064 616 1127 contumelias
645 1082 948 1127 servorum
978 1064 1445 1146 ancillarumque
1473 1066 1737 1148 pertulit,
1766 1076 1836 1130 ut
1864 1068 1935 1130 ad
1967 1068 2024 1129 id
2047 1067 2385 1148 aliquando,

228 1150 386 1231 quod
430 1150 737 1232 cupiebat,
780 1150 1025 1212 veniret.
1086 1152 1163 1213 At
1191 1152 1333 1213 Aiax
1371 1169 1491 1232 quo
1533 1153 1736 1214 animo
1772 1152 2024 1215 traditur
2055 1153 2247 1214 milies
2277 1170 2384 1231 op·

119 1242 179 1295 10
223 1247 427 1318 petere
463 1243 715 1297 mortem
759 1254 933 1316 quam
976 1234 1075 1298 illa
1115 1237 1349 1318 perpeti
1389 1236 1708 1301 maluisset.
1768 1237 1931 1309 Quae
1977 1235 2386 1318 contemplan-
2513 1216 2752 1314 ww*

226 1331 316 1384 tes
339 1321 672 1403 expendere·
693 1320 1012 1403 oportebit,
1044 1322 1184 1403 quid
1217 1319 1711 1404 quisque‘haheat
1739 1325 1852 1399 sui,
1885 1342 2073 1405 eaque
2094 1321 2384 1386 moderari
2429 1287 2496 1348 ρ’

226 1426 339 1468 nec
360 1406 509 1468 velle
531 1406 785 1488 experiri
811 1425 986 1487 quam
1011 1427 1075 1469 se
1096 1407 1288 1469 aliena
1311 1409 1592 1471 deceant:
1623 1408 1683 1470 id
1707 1409 1864 1470 enim
1884 1426 2160 1471 maxume
2181 1425 2387 1489 quem·
2475 1422 2481 1428 ·

230 1510 349 1572 que
369 1492 558 1566 decet,
590 1492 748 1573 quod
772 1503 861 1555 est
882 1492 1174 1573 cuiusque
1192 1494 1448 1556 maxime
1468 1511 1660 1556 suum.
1714 1493 1906 1556 Suum
1927 1493 2179 1576 quisque
2209 1493 2389 1573 igitur
2402 1500 2489 1551 114

230 1587 434 1639 noscat
475 1578 786 1656 ingenium
828 1596 1143 1658 acremque
1186 1597 1251 1640 se
1296 1590 1356 1642 et
1396 1580 1697 1642 bonorum
1741 1590 1794 1641 et
1833 1580 2113 1641 vitiorum
2143 1595 2390 1641 suorum

122 1667 183 1721 15
228 1663 479 1742 iudicem
528 1662 836 1743 praebeat,
881 1683 959 1725 ne
1003 1663 1258 1725 scaenici
1302 1664 1442 1747 plus
1475 1683 1651 1746 quam
1698 1683 1809 1727 nos
1837 1666 2144 1727 videantur
2171 1664 2391 1726 habere

228 1748 598 1830 prudentiae.
658 1747 750 1809 Illi
780 1748 939 1811 enim
972 1767 1096 1811 non
1130 1757 1434 1830 optumas,
1476 1751 1580 1812 sed
1610 1748 1722 1812 sibi
1754 1749 2391 1812 accommodatissimas

229 1833 453 1896 rabulas
495 1833 753 1913 eligunt:
799 1834 902 1915 qui
944 1852 1088 1896 voce
1128 1834 1262 1896 freti
1298 1844 1470 1910 sunt,
1519 1835 1830 1917 Epigonos
1855 1835 2241 1916 Medumque,
2288 1833 2390 1914 qui

230 1929 397 1999 gestu
416 1966 432 1993 ,
462 1918 857 2001 Melanippam
876 1965 892 1995 ,
937 1919 1411 2000 Clytemestram,
1456 1939 1693 2002 semper
1720 1920 2024 2002 Rupilius,
2046 1915 2245 2001 'quem
2277 1936 2389 1998 ego

230 2004 494 2080 memini,
524 2004 863 2087 Antiopam,
893 2023 1016 2067 non
1049 2023 1226 2087 saepe
1256 2007 1526 2088 Aesopus
1547 2007 1803 2068 Aiacem.
1848 2006 2006 2091 Ergo
2037 2006 2245 2068 histrio
2277 2006 2392 2066 hoo

126 2096 187 2147 20
229 2089 449 2151 videbit
475 2090 537 2151 in
569 2108 800 2168 scaena,
831 2109 953 2153 non
984 2091 1202 2153 videbit
1230 2092 1469 2174 sapiens
1497 2092 1585 2154 vir
1613 2083 1675 2153 in
1700 2089 1860 2154 vita?
1916 2092 2002 2152 Ad
2036 2110 2182 2173 quas
2212 2090 2395 2171 igitur

231 2194 329 2237 res
372 2175 658 2255 aptissimi
703 2177 960 2253 erimus,
1006 2177 1067 2238 in
1113 2176 1188 2237 iis
1228 2178 1602 2259 potissimum
1636 2176 2085 2240 elaborabimus.
2146 2175 2252 2239 Sin
2287 2175 2392 2238 ali-

234 2261 470 2342 quando
502 2262 820 2324 necessitas
850 2282 962 2325 nos
1004 2262 1073 2324 ad
1111 2282 1177 2324 ea
1207 2263 1555 2339 detruserit,
1599 2283 1750 2345 quae
1780 2263 1971 2326 nostri
2014 2262 2238 2342 ingenii
2271 2280 2390 2324 non

303 2414 349 2465 2.
390 2428 540 2479 perp.
574 2417 737 2464 const.
766 2414 879 2463 rob.
921 2412 1027 2479 vgl.
1061 2429 1112 2480 p.
1131 2412 1258 2466 Mur.
1365 2419 1477 2466 etes
1513 2414 1709 2479 beerbt‚
1742 2415 1888 2466 hatte
1911 2413 2168 2466 Pacuvius
2201 2412 2392 2465 behan-

232 2483 263 2533 2
279 2522 294 2546 ‚
329 2483 360 2533 3
413 2479 486 2532 M.
525 2479 719 2533 Catoni
751 2482 917 2531 vitam
953 2480 1028 2531 ad
1061 2486 1262 2532 certam
1363 2482 1490 2547 delt‚
1526 2481 1759 2534 derselbe
1795 2482 1878 2534 die
1912 2483 2169 2547 Antiopa.
2239 2480 2390 2533 Diese

229 2552 465 2600 rationis
493 2563 739 2600 normam
773 2548 1040 2614 dirigenti
1067 2554 1118 2600 et
1139 2550 1262 2600 dili·
1364 2550 1497 2602 wird
1530 2566 1635 2603 von
1669 2549 1814 2601 ihren
1853 2548 2059 2602 Sohnen
2075 2588 2088 2612 ‚
2134 2548 2390 2615 Amphion

225 2620 540 2683 gentinime
587 2617 940 2688 perpendenti
992 2622 1262 2669 momenta
1362 2618 1467 2671 und
1489 2618 1647 2670 Zetus
1681 2632 1776 2669 vor
1810 2618 1971 2669 ihrem
2008 2616 2188 2669 Oheim
2222 2617 2393 2684 Lycus

234 2684 560 2748 officiorum.
1363 2686 1470 2739 und
1483 2686 1668 2739 dessen
1679 2685 1946 2739 Gemahlin
1956 2684 2104 2737 Dirce
2118 2685 2390 2751 geschfitzt

291 2756 340 2806 8.
356 2768 634 2805 servorum
647 2751 1260 2820 ancillarumque.·flom.
1363 2753 1471 2806 und
1506 2770 1570 2807 an
1605 2754 1761 2806 ihnen
1786 2753 2010 2821 geraeht.
2065 2752 2393 2819 Melanippa,

233 2820 328 2874 Od.
369 2825 427 2875 17
466 2838 516 2874 u.
560 2824 638 2874 18.
1364 2822 1449 2874 die
1484 2838 1588 2876 von
1622 2822 1768 2875 ibren
1793 2820 2004 2875 Sohnen
2027 2821 2259 2874 Boeotus
2287 2820 2393 2873 und

305 2893 385 2943 14.
435 2892 721 2941 bonorum:
758 2889 847 2943 der
883 2893 1042 2955 guten
1076 2889 1263 2957 Eigen-
1363 2890 1559 2944 Aeolus
1592 2906 1686 2943 aus
1706 2891 1822 2943 dem
1842 2890 2041 2944 Kerker
2056 2889 2245 2943 befreit
2262 2889 2393 2941 wird

234 2957 486 3011 sebasten.
1364 2959 1470 3012 und
1523 2973 1626 3012 von
1680 2959 1887 3027 Neptun
1940 2958 2032 3011 das
2081 2957 2394 3026 Augenlieht

307 3029 388 3079 17.
412 3026 661 3093 Epigoni
690 3025 832 3078 hiess
868 3026 983 3078 eine
1003 3025 1260 3093 Tragodie
1365 3027 1558 3080 wieder
1591 3027 1781 3093 ethan,
1815 3027 2001 3080 dessen
2034 3027 2109 3080 sie
2139 3027 2220 3078 ibr
2236 3025 2395 3078 Vater

234 3095 328 3147 des
344 3095 398 3146 L.
413 3095 601 3147 Attius.
638 3093 731 3146 Die
744 3093 914 3161 Notiz‚
933 3093 1051 3147 dass
1066 3093 1281 3147 Schau·‘
1363 3095 1582 3148 beraubt
1618 3097 1784 3161 hatte,
1817 3110 1927 3147 war
1958 3110 2062 3147 von
2087 3094 2282 3147 Ennius
2306 3095 2396 3147 be-

232 3163 423 3230 spieler
455 3178 560 3216 von
585 3162 784 3215 starker
808 3161 1022 3215 Stimme
1047 3163 1121 3214 sie
1146 3163 1259 3215 sich
1363 3163 1607 3225 handelt;
1643 3178 1749 3215 von
1784 3162 2079 3215 demselben
2118 3163 2209 3214 der
2228 3163 2396 3215 Aiax.

233 3231 518 3283 erwfihlten
534 3270 547 3296 ,
600 3230 807 3282 bezieht
856 3231 965 3283 sich
998 3231 1261 3283 vermuth-
1366 3260 1369 3261 ν
1437 3235 1513 3285 18.
1571 3231 1848 3296 Rupilius,
1901 3231 1985 3283 ein
2038 3234 2186 3283 sonst
2232 3230 2395 3282 unbe-

231 3300 338 3352 lich
386 3297 478 3351 auf
519 3297 601 3349 die
637 3297 786 3350 Rolle
829 3297 923 3350 des
954 3298 1260 3365 Alkmaeon,
1362 3299 1586 3353 kannter
1621 3298 1983 3367 Schauspieler
2027 3313 2120 3351 aus
2164 3297 2269 3351 Cic.
2304 3297 2394 3351 Ju-

233 3369 326 3420 des
362 3365 645 3418 Anftihrers
680 3364 771 3417 der
803 3365 1088 3433 Epigenen.
1138 3366 1259 3419 Rib·
1364 3366 1618 3435 gendzeit.

232 3434 371 3488 beck
388 3439 517 3501 trag.
530 3435 638 3486 Lat.
658 3432 749 3486 rel.
764 3436 945 3500 p.317.
982 3433 1144 3487 Unter
1160 3435 1261 3487 den
1440 3439 1518 3489 19.
1555 3437 1799 3502 Aesopus
1827 3450 1936 3488 war
1957 3435 2161 3487 Ciceros
2178 3434 2396 3501 Freund‚

232 3504 345 3557 hier
360 3503 661 3556 erwfihnten
680 3500 911 3553 Stiicken
932 3502 1003 3554 ist
1030 3503 1160 3555 auch
1179 3502 1261 3555 die
1365 3503 1458 3556 der
1490 3519 1595 3557 von
1621 3505 1728 3556 ihm
1750 3504 1804 3556 in
1828 3503 2005 3570 Bezug
2036 3503 2126 3556 auf
2146 3503 2244 3556 den
2269 3502 2399 3555 Vor-

239 3572 586 3639 Clytemestra
636 3570 752 3635 (die
797 3569 1071 3622 latinisirte
1109 3570 1262 3623 Form
1368 3577 1484 3639 trag
1518 3572 1683 3626 vieles
1718 3572 1899 3625 lernte.
1969 3571 2037 3625 Er
2071 3587 2181 3623 war
2212 3572 2398 3623 nachst

236 3640 320 3692 fiir
371 3634 850 3710 Κλυταιμνήστρα)
914 3653 1018 3690 von
1071 3638 1261 3693 Attius.
1364 3639 1583 3701 Roscius
1606 3641 1697 3694 der
1715 3641 2016 3708 gefeiertste
2035 3639 2395 3707 Schauspieler

236 3708 499 3761 DieFabel
510 3722 616 3760 von
628 3707 829 3772 Medus,
857 3706 973 3760 dem
988 3705 1162 3759 Sohne
1175 3706 1265 3759 der
1367 3704 1536 3762 seiner
1571 3710 1704 3772 Zeit;
1761 3709 1826 3762 de
1861 3709 1963 3762 div.
1999 3709 2021 3760 Ι
2057 3711 2140 3775 37,
2176 3710 2259 3761 80.
2331 3708 2396 3760 ad

235 3775 445 3842 Medea,
495 3776 586 3828 der
623 3775 753 3828 nacb
788 3774 1000 3828 Kolchis
1048 3774 1263 3842 kommt‚
1366 3775 1585 3831 Herenn.
1622 3778 1685 3829 111
1721 3780 1816 3843 21,
1853 3781 1936 3831 34.

236 3845 355 3898 dort
379 3844 616 3912 getodtet
640 3844 848 3897 werden
873 3844 990 3909 soll,
1016 3843 1137 3897 aber
1160 3859 1264 3897 von
1425 3847 1578 3912 Ergo
1594 3875 1633 3884 —
1651 3848 1753 3898 Ιιοο
1768 3847 1971 3897 videbit
1988 3861 2149 3896 -non
2166 3845 2397 3896 videbit.-

239 3913 408 3966 seiner
457 3910 650 3965 Mutter
702 3917 924 3979 gerettet
980 3912 1106 3964 wird
1159 3911 1265 3965 und
1366 3913 1496 3966 iiber
1527 3914 1668 3967 diese
1691 3914 1843 3966 Form
1867 3913 1959 3966 des
1983 3912 2256 3966 Schlusses
2289 3911 2394 3979 vgl.

240 3980 563 4034 schliesslicb
617 3982 793 4034 seinen
830 3980 1133 4035 Grossvater
1166 3980 1266 4033 Ae-
1375 3980 1601 4050 Seyffert
1637 3982 1743 4037 sch.
1779 3983 1886 4035 Lat.
1922 3982 1942 4034 1
1977 3998 2027 4050 p.
2072 3985 2182 4035 116.
