2813 4537
282 1109 341 1162 13

388 247 512 310 184
1006 247 1090 303 DE
1127 248 1386 303 OFFICllS
1422 247 1543 305 LIB.
1565 247 1642 303 111.
1700 246 1844 303 CAP.
1868 250 1918 303 3.

383 422 661 484 virtutem
689 431 1007 503 propterea
1049 423 1358 484 colendam
1399 421 1652 496 diceret,
1686 420 1845 499 quod
1874 438 1943 480 ea
1971 420 2235 481 efficiens
2263 419 2535 483 utilitatis

387 515 571 583 esset,
602 515 671 568 ut
699 508 769 584 ii,
819 507 921 588 qui
961 527 1059 570 res
1089 507 1447 587 expetendas
1457 507 1579 576 ,vel
1607 504 1906 585 voluptate
1933 505 2025 566 vel
2052 504 2374 567 indolentia
2401 525 2528 568 me-

383 593 647 669 tiuntur,
677 593 882 654 liceret
911 593 964 654 ei
993 593 1190 655 dicere
1218 592 1528 655 utilitatem
1569 591 1884 670 aliquando
1914 609 2051 652 cum
2078 592 2389 652 honestate
2416 611 2532 672 pu-

385 696 588 758 gnare.
650 677 766 739 Sed
796 697 934 739 cum
962 678 1039 740 sit
1068 679 1145 754 is,
1173 678 1274 759 qui
1302 677 1361 739 id
1392 676 1587 739 solum
1614 676 1844 740 bonum
1870 675 2120 751 iudicet,
2151 677 2311 756 quod
2340 678 2531 738 hone-

382 771 542 825 stum
585 763 690 839 sit,
737 782 888 842 quae
931 772 1128 826 autem
1172 763 1310 824 huic
1351 768 1693 843 repugnent
1732 761 1929 841 specie
1972 762 2222 841 quadam
2265 762 2535 824 utilitatis
2566 770 2604 821 5

386 867 593 910 eorum
636 867 834 929 neque
878 848 1217 911 accessione
1265 848 1572 909 meliorem
1620 847 1797 908 vitam
1846 847 1977 908 fleri
2025 866 2138 908 nec
2188 847 2534 910 decessione

384 933 666 1013 peiorem,
699 953 822 995 non
852 934 1084 997 videtur
1112 934 1386 996 debuisse
1410 933 1535 995 eius
1554 932 1716 994 modi
1745 931 2230 994 deliberationem
2259 933 2532 994 introdu-

386 1037 549 1094 cere,
596 1019 659 1081 in
702 1037 818 1098 qua
861 1020 1020 1099 quod
1060 1019 1204 1080 utile
1243 1018 1543 1081 videretur
1573 1037 1707 1081 cum
1735 1037 1805 1079 eo
1822 1064 1837 1093 ,
1886 1018 2045 1097 qnod
2075 1018 2394 1081 honestum
2425 1025 2533 1094 est,

383 1112 846 1185 compararetur.
914 1104 1154 1166 Etenim
1195 1105 1354 1185 quod
1398 1122 1698 1166 summum
1735 1103 1964 1165 bonum
1991 1122 2026 1164 a
2056 1102 2270 1165 Stoicis
2298 1103 2531 1178 dicitur,

386 1189 813 1251 convenienter
855 1197 1101 1251 naturae
1128 1190 1351 1265 vivere,
1395 1189 1458 1250 id
1497 1189 1673 1251 habet
1701 1189 1884 1265 hanc,
1915 1195 1983 1250 ut
2013 1189 2257 1268 opinor,
2286 1197 2532 1250 senten-

385 1274 545 1349 tiam,
577 1292 713 1335 cum
741 1275 957 1337 virtute
987 1294 1318 1355 congruere
1347 1293 1616 1356 semper,
1647 1282 1844 1336 cetera
1873 1281 2070 1336 autem
2087 1320 2103 1349 ‚
2135 1292 2287 1353 quae
2315 1293 2535 1336 secun-

382 1361 525 1421 dum
557 1367 830 1421 naturam
859 1367 1088 1436 essent,
1133 1360 1214 1422 ita
1256 1359 1455 1440 legere
1472 1406 1487 1435 ,
1534 1359 1585 1421 si
1628 1378 1697 1421 ea
1723 1359 1926 1420 virtuti
1955 1378 2079 1420 non
2109 1367 2533 1439 repugnarent.

386 1444 560 1517 Quod
590 1464 728 1506 cum
755 1446 835 1507 ita
864 1446 965 1521 sit,
995 1453 1210 1525 putant
1238 1445 1478 1523 quidam
1505 1445 1659 1506 hanc
1688 1444 2190 1525 comparationem
2219 1464 2343 1507 non
2373 1452 2536 1506 recte

382 1530 782 1592 introductam
811 1549 924 1592 nec
954 1530 1200 1591 omnino
1244 1531 1316 1592 de
1347 1549 1417 1591 eo
1448 1548 1668 1611 genere
1707 1530 2024 1609 quicquam
2052 1531 2537 1611 praecipiendum

385 1614 587 1676 fuisse.
645 1615 826 1695 Atqui
854 1615 996 1677 illud
1029 1616 1267 1695 quidem
1294 1616 1644 1691 honestum,
1690 1616 1851 1695 quod
1891 1615 2133 1695 proprie
2161 1634 2417 1696 vereque
2445 1616 2534 1676 di-

272 1765 277 1770 ,
384 1699 566 1776 citur,
610 1700 668 1762 id
710 1701 774 1762 in
805 1701 1171 1781 sapientibus
1211 1709 1301 1763 est
1329 1701 1472 1763 solis
1502 1719 1699 1780 neque
1729 1720 1762 1762 a
1786 1702 2002 1762 virtute
2031 1700 2222 1763 divelli
2251 1719 2534 1781 umquam

382 1791 598 1866 potest.
650 1786 718 1847 In
749 1786 823 1848 iis
851 1793 1066 1862 autem,
1097 1787 1160 1849 in
1193 1787 1409 1866 quibus
1439 1786 1728 1867 sapientia
1756 1787 2019 1870 perfecta
2047 1806 2170 1848 non
2203 1794 2310 1863 est,
2339 1787 2536 1867 ipsum

454 1955 513 2007 2.
548 1953 843 2020 voluptate.-
878 1953 1106 2021 Aristipp
1132 1952 1237 2006 und
1265 1954 1408 2006 seine
1511 1952 1896 2021 gehrenswerth
1931 1954 2153 2020 (legere,
2202 1956 2350 2005 sonst
2382 1952 2533 2005 meist

296 2012 302 2019 ’
387 2020 654 2088 Schule;§
677 2023 790 2076 116.
813 2022 1141 2074 indolentia.-
1157 2021 1409 2090 Hierony-
1511 2022 1729 2088 eligere)
1764 2021 1869 2074 und
1904 2020 2132 2073 nfitzlich
2164 2019 2247 2073 fur
2269 2020 2368 2074 den
2390 2019 2533 2073 Men·-

384 2104 499 2142 mus
533 2104 637 2141 von
671 2088 899 2155 Rhodus,
935 2095 1032 2156 qm·
1065 2095 1241 2142 censet
1269 2105 1410 2141 sum-
1509 2089 1666 2143 schen
1703 2089 1829 2142 sein.

383 2172 529 2210 mum
581 2159 777 2207 bonum
829 2174 937 2208 esse
980 2162 1095 2209 sine
1139 2158 1254 2210 ulla
1297 2173 1409 2210 mo·
1582 2158 1963 2211 11.secundum
1975 2162 2247 2223 naturam,
2260 2156 2532 2222 dieDinge,

387 2224 539 2276 tescia
561 2228 756 2292 vivere,
783 2224 846 2278 de
871 2222 958 2281 fin.
983 2226 1024 2278 Π
1048 2230 1096 2292 5,
1126 2229 1202 2280 16.
1238 2224 1408 2280 Dutch
1507 2225 1707 2279 welche
1743 2225 2036 2292 abgesehen
2060 2241 2167 2279 von
2190 2224 2280 2279 der
2304 2224 2532 2279 Sittlich·

385 2292 477 2346 das
492 2293 934 2346 selbsterfundene
944 2293 1092 2347 Wort
1109 2294 1408 2347 indolentia
1507 2293 1618 2347 keit
1652 2294 1743 2348 der
1776 2294 1939 2347 Natur
1981 2296 2125 2348 mehr
2160 2293 2532 2361 entsprechend

382 2363 646 2415 ubersetzt
683 2362 784 2416 Cic.
819 2355 1141 2434 ἀναλγησία.
1196 2363 1252 2415 ln
1286 2363 1409 2430 Epi·
1508 2363 1623 2416 sind
1680 2362 1757 2415 als
1817 2362 1928 2414 ihre
1985 2362 2351 2430 Gegentheile‚
2420 2363 2529 2415 also

384 2429 497 2496 kur,
523 2429 612 2510 der
629 2430 801 2511 indess
820 2430 955 2511 §lter
969 2431 1039 2512 ist
1063 2432 1140 2512 als
1156 2431 1408 2510 Hierony·
1508 2431 1840 2497 Gesundheit,
1865 2429 2154 2499 Vermogen
2178 2449 2227 2486 u.
2241 2447 2360 2486 θην.
2395 2430 2527 2484 Einl.

383 2498 1167 2622 ffigghandmpegffiffsspemffss
1190 2504 1408 2620 {lgeffats
1509 2500 1543 2568 ξ
1579 2502 1662 2620 i}
1687 2571 1882 2618 essent.-
1915 2568 2044 2620 fiber
2065 2567 2155 2620 das
2175 2566 2533 2634 Imperfectum

383 2634 610 2688 Hdchste
657 2635 883 2700 ansieht,
931 2636 1054 2691 aber
1088 2636 1179 2689 das
1213 2635 1408 2688 Wesen
1508 2636 1641 2688 nach
1677 2636 1882 2688 dicitur
1916 2651 1956 2688 S.
1991 2651 2035 2687 z.
2072 2634 2093 2687 1
2128 2636 2159 2700 ᾗ
2197 2637 2279 2689 87.
2315 2635 2357 2686 11
2391 2635 2423 2699 ξ
2449 2639 2532 2688 56.

383 2702 491 2756 und
547 2703 655 2755 Ziel
715 2703 981 2759 derselben
1050 2721 1145 2757 nur
1212 2704 1265 2755 in
1320 2703 1406 2755 die
1584 2708 1660 2757 15.
1677 2705 1846 2769 Atqui
1861 2703 2002 2755 illud
2012 2707 2110 2756 cet.
2128 2702 2220 2755 Die
2233 2701 2535 2756 Gedanken·

368 2771 877 2838 'Schmerzlosigkeit
912 2776 1048 2824 setzt
1093 2771 1199 2825 und
1233 2771 1411 2824 darum
1511 2771 1832 2839 verbindung
1857 2771 1927 2824 ist
1944 2771 2112 2824 diese:
2137 2771 2282 2823 Nach
2306 2771 2420 2824 dem
2438 2770 2535 2823 Be-

384 2839 469 2891 die
503 2837 573 2891 ko
637 2839 825 2892 erliche
856 2840 984 2895 Lust
1018 2839 1108 2892 der
1155 2840 1411 2907 geistigen
1513 2839 1635 2906 griff
1682 2839 1770 2892 der
1834 2839 2165 2893 vollendeten
2217 2838 2534 2892 Sittlichkeit

385 2911 593 2959 unteror
629 2910 732 2959 net.
1511 2908 1582 2961 ist
1638 2907 1838 2962 freilich
1895 2910 2105 2973 (atqui)
2176 2908 2259 2960 ein
2317 2906 2533 2960 Conflict

455 2977 505 3030 3.
540 2974 859 3040 aliquando.-
895 2990 939 3030 s,
972 2991 1019 3030 z.
1055 2976 1088 3039 ξ
1125 2978 1176 3030 2.
1512 2976 1775 3028 zwischen
1809 2974 2024 3042 Tugend
2067 2975 2171 3028 und
2205 2975 2408 3028 Nutzen
2440 2990 2536 3028 un-

455 3044 505 3098 8.
538 3043 815 3094 videretur
835 3071 881 3081 -
906 3049 1009 3095 est:
1043 3042 1133 3096 der
1167 3042 1411 3097 Wechsel
1510 3043 1751 3111 moglich.
1824 3043 1942 3095 Nun
1986 3043 2156 3096 haben
2191 3043 2288 3096 wir
2321 3059 2379 3096 es
2413 3044 2535 3096 aber

384 3111 646 3164 zwischen
705 3110 803 3163 den
860 3110 1026 3164 Modis
1086 3112 1176 3164 der
1243 3112 1408 3165 oratio
1511 3112 1622 3164 hier
1665 3112 1807 3164 nicht
1849 3111 1944 3163 mit
1980 3111 2171 3163 diesem
2207 3111 2535 3164 vollendeten

386 3179 596 3248 obliqua
619 3178 725 3232 und
746 3183 887 3232 recta
913 3180 1043 3233 liisst
1067 3180 1156 3233 das
1179 3179 1306 3232 Eine
1331 3179 1408 3233 als
1512 3182 1791 3232 honestum
1839 3178 1931 3233 das
1975 3180 2090 3232 dem
2124 3178 2336 3232 Weisen
2379 3180 2534 3232 allein

383 3248 503 3301 blos
536 3247 811 3314 subjectiv,
846 3247 938 3301 das
966 3248 1169 3302 Andere
1204 3248 1281 3300 als
1317 3249 1412 3300 ob-
1511 3247 1801 3314 zukommt,
1852 3247 2073 3301 sondern
2118 3247 2213 3300 mit
2249 3248 2348 3301 den
2393 3248 2533 3300 mitt-

377 3316 544 3382 jeetiv
568 3315 758 3383 gewiss
783 3316 1095 3373 erscheinen.
1141 3315 1260 3384 Vgl.
1287 3317 1320 3384 ξ
1348 3319 1408 3370 18
1510 3316 1653 3369 leren
1669 3315 1921 3369 Pflichten
1943 3332 2006 3369 zu
2029 3316 2202 3369 thuen.
2248 3317 2387 3369 Aber
2404 3316 2533 3369 auch

385 3385 531 3451 quod
563 3387 841 3436 honestum
878 3390 969 3436 est.
1509 3384 1596 3437 bei
1620 3384 1798 3436 diesen
1831 3384 1901 3437 ist
1934 3384 2019 3437 ein
2043 3384 2262 3438 Conssict
2293 3385 2389 3437 mit
2417 3385 2532 3437 dem

453 3455 502 3508 9.
549 3453 781 3505 Etenim.
849 3452 948 3505 Der
982 3453 1146 3506 Natur
1189 3453 1408 3520 gemine„
1510 3451 1714 3505 Nutzen
1757 3452 1811 3505 in
1848 3451 2074 3519 gleieher
2107 3451 2283 3506 Weise
2319 3456 2532 3519 unmog-

385 3521 434 3575 d.
458 3522 510 3574 h.
534 3521 589 3572 in
614 3520 1048 3589 gleichmiissiger,
1082 3524 1409 3588 ungestorter
1510 3520 1629 3575 lich.
1700 3519 1818 3588 Vgl.
1869 3520 1952 3573 die
1996 3519 2328 3588 Verbindung
2375 3519 2531 3573 durch

383 3589 919 3657 Uebereinstimmung
953 3590 1047 3641 mit
1078 3589 1167 3641 det
1193 3587 1411 3656 Tugend
1513 3592 1667 3656 atqui
1697 3589 1733 3653 ὅ
1769 3590 1853 3644 48.
1890 3592 1973 3644 61.
2010 3591 2093 3642 94.

386 3673 450 3711 zu
476 3658 627 3711 leben
654 3658 806 3721 (Einl.
824 3658 858 3725 ξ
881 3660 965 3725 14)
989 3658 1059 3711 ist
1084 3657 1167 3709 die
1194 3657 1410 3713 hochste
1583 3658 1727 3724 quod
1764 3659 1992 3723 proprie
2042 3671 2265 3721 vereque
2310 3655 2531 3722 dieitur,

385 3725 691 3792 versem-ist,
726 3725 881 3778 deren
904 3724 1197 3792 Besolgung
1223 3725 1411 3778 unmit-
1512 3725 1566 3778 in
1612 3725 1780 3778 seiner
1827 3724 2170 3791 eigentlichen
2213 3722 2531 3790 Bedeutung‚

387 3793 553 3846 telbar
576 3792 658 3846 die
683 3793 977 3848 vollendete
1001 3793 1263 3848 Gliickseli
1300 3793 1411 3846 keit
1514 3793 1562 3848 d.
1587 3793 1620 3847 i.
1657 3795 1725 3846 im
1762 3792 2219 3860 philosophischen
2254 3792 2377 3846 oder
2399 3792 2533 3844 idea·-

388 3861 729 3914 einschliesst.
773 3861 957 3915 Nichts
980 3862 1108 3928 else,
1133 3876 1246 3915 was
1302 3862 1410 3914 iese
1512 3862 1597 3914 len
1634 3860 1790 3915 Sinne
1834 3860 1889 3929 (ξ
1928 3864 1952 3914 1
1993 3877 2044 3915 u.
2086 3863 2197 3928 1¹1),
2245 3859 2530 3928 Gegensatz

388 3927 923 3997 Uebereinstimmung
957 3934 1117 3996 stort,
1150 3928 1288 3983 kann
1321 3930 1411 3982 be-
1512 3946 1578 3983 zu
1610 3931 1844 3984 secunda
1880 3931 2097 3981 honesta
2133 3929 2163 3995 ξ
2204 3932 2282 3983 15.

2583 1619 2650 1673 a
2744 1577 2753 1582 ,
