2813 4537
670 219 719 282 a(

404 278 485 341 90
1015 282 1099 335 DE
1135 281 1394 336 OFFIGIIS
1431 281 1548 336 ΠΒ.
1584 282 1619 336 1.
1692 281 1834 335 CAP.
1876 286 1963 337 30.

404 458 791 524 delectatione
819 454 1075 519 ducitur.
1127 455 1285 527 Quin
1315 455 1509 529 etiam,
1539 455 1590 517 si
1619 455 1753 535 quis
1782 463 1872 517 est
1899 455 2099 537 paullo
2128 455 2202 517 ad
2229 454 2559 537 voluptates

405 544 785 629 propensior,
829 542 1003 603 modo
1036 560 1111 604 ne
1153 541 1227 602 sit
1256 559 1331 601 ex
1359 541 1657 621 pecudum
1701 559 1918 620 genere
1944 576 2029 587 -—-
2059 549 2199 603 sunt
2233 540 2393 603 enim
2423 542 2553 623 qui-

403 634 536 696 dam
565 629 837 692 homines
866 645 988 689 non
1019 646 1105 703 re,
1134 628 1235 688 sed
1261 626 1502 688 nomine
1530 659 1635 700 —,
1667 627 1769 688 sed
1798 625 1849 687 si
1880 626 2013 707 quis
2043 634 2132 689 est
2160 626 2360 708 paullo
2392 645 2556 689 erec-

405 718 540 793 tior,
571 713 836 796 quamvis
867 712 1159 794 voluptate
1189 712 1474 793 capiatur,
1504 711 1761 774 occultat
1789 719 1847 774 et
1875 712 2201 774 dissimulat
2229 712 2558 795 appetitum

309 805 393 857 106
407 801 721 884 voluptatis
764 807 1008 881 propter
1048 773 1524 884 verecundiam)
1569 797 1658 859 Ex
1701 815 1820 878 quo
1880 797 2245 877 intellegitur
2288 799 2558 879 corporis
2599 809 2630 859 5

405 888 757 969 voluptatem
801 903 925 947 non
969 883 1111 945 satis
1150 901 1279 945 esse
1325 882 1564 962 dignam
1606 882 1867 944 hominis
1908 883 2266 963 praestantia
2309 902 2556 965 eamque

403 972 708 1036 contemni
738 981 797 1033 et
837 969 978 1049 reici
1021 976 1330 1050 oportere:
1377 968 1470 1030 sin
1513 968 1592 1030 sit
1634 967 1929 1050 quispiam
1959 968 2063 1049 qui
2090 968 2312 1051 aliquid
2341 968 2559 1031 tribuat

401 1057 716 1140 voluptati,
769 1055 1082 1135 diligenter
1132 1054 1185 1116 ei
1237 1055 1556 1116 tenendum
1609 1072 1738 1116 esse
1783 1053 1910 1116 eius
1958 1055 2243 1116 fruendae
2293 1056 2555 1117 modum.

402 1146 605 1225 Itaque
643 1142 832 1203 victus
870 1140 1183 1220 cultusque
1224 1139 1494 1221 corporis
1537 1140 1609 1200 ad
1651 1138 2041 1202 valetudinem
2078 1140 2368 1203 referatur
2396 1148 2452 1202 et
2482 1141 2554 1203 ad

407 1230 556 1291 vires
574 1275 588 1303 ,
632 1244 755 1289 non
784 1226 857 1288 ad
898 1224 1276 1306 voluptatem.
1329 1226 1522 1306 Atque
1560 1225 1734 1287 etiam
1752 1270 1768 1300 ,
1810 1225 1860 1287 si
1892 1226 2264 1288 considerare
2293 1225 2558 1288 volemus
2599 1234 2657 1287 lo

404 1333 554 1396 quae
594 1313 668 1375 sit
709 1312 769 1373 in
808 1321 1016 1373 natura
1042 1310 1296 1373 hominis
1323 1310 1668 1373 excellentia
1699 1323 1758 1372 et
1785 1310 2075 1390 dignitas,
2119 1307 2555 1392 intellegemus,

405 1418 580 1481 quam
625 1398 702 1460 sit
744 1405 918 1478 turpe
969 1396 1238 1459 diffluere
1283 1394 1515 1459 luxuria
1563 1405 1625 1459 et
1666 1395 1912 1457 delicate
1954 1416 2025 1458 ac
2068 1396 2324 1459 molliter
2365 1396 2555 1459 vivere

401 1503 696 1566 quamque
721 1483 1039 1544 honestum
1069 1499 1244 1563 parce
1272 1481 1671 1557 continenter,
1700 1500 1899 1543 severe
1929 1481 2143 1543 sobrie.

571 1567 1044 1648 Intellegendum
1072 1566 1246 1628 etiam
1289 1575 1381 1629 est
1408 1567 1636 1629 duabus
1673 1567 1841 1647 quasi
1875 1585 1983 1628 nos
2011 1586 2045 1629 a
2077 1576 2286 1630 natura
2313 1567 2554 1630 indutos

403 1674 530 1718 esse
577 1654 882 1736 personiS,
929 1670 1177 1734 quarum
1223 1671 1338 1715 una
1384 1652 1719 1715 communis
1763 1661 1851 1713 est
1892 1670 1964 1712 ex
2007 1670 2110 1728 eo,
2161 1653 2320 1733 quod
2350 1671 2558 1715 omnes
2600 1661 2657 1713 15

403 1740 716 1822 participes
759 1756 964 1800 sumus
992 1737 1238 1800 rationis
1268 1738 1774 1819 praestantiaeque
1807 1737 1967 1811 eius,
2006 1755 2120 1818 qua
2149 1738 2554 1801 antecellimus

401 1825 625 1902 bestiis,
655 1844 686 1887 a
720 1844 835 1905 qua
865 1842 1043 1887 omne
1071 1824 1392 1885 honestum
1421 1825 1822 1904 decorumque
1851 1822 2099 1885 trahitur
2128 1831 2186 1885 et
2215 1842 2286 1885 ex
2316 1842 2430 1904 qua
2458 1842 2552 1886 ra·

399 1912 482 1975 tio
513 1910 854 1973 inveniendi
895 1908 1077 1971 officii
1108 1909 1468 1990 exquiritur,
1509 1908 1688 1971 altera
1718 1916 1948 1983 autem,
1979 1926 2130 1989 quae
2160 1909 2401 1991 proprie
2428 1909 2552 1972 sin·

402 1998 557 2079 gulis
587 2004 675 2058 est
705 1995 940 2057 tributa.
996 1994 1075 2058 Ut
1104 1993 1261 2055 enim
1294 1993 1355 2055 in
1388 1993 1742 2076 corporibus
1771 2011 2018 2073 magnae
2047 1994 2552 2057 dissimilitudines

307 1572 390 1623 107

405 2130 607 2183 werden
624 2168 638 2194 ,
671 2129 742 2179 im
761 2128 1047 2195 Gegensatz
1074 2142 1140 2180 zu
1156 2127 1285 2179 duci
1313 2126 1426 2179 sich

401 2198 559 2251 leiten
595 2196 792 2258 lassen;
850 2195 953 2263 vgl.
1004 2196 1038 2264 ς
1079 2198 1173 2249 118
1210 2195 1425 2247 deduci-

398 2284 522 2319 mur
559 2294 598 2305 α
631 2264 904 2328 feruntur.
957 2263 992 2331 5
1022 2266 1111 2320 147
1154 2262 1361 2326 deferri
1382 2293 1425 2304 -

400 2335 701 2389 dodueimr.

471 2408 517 2458 1.
546 2404 642 2455 sed
666 2406 716 2454 εἰ
732 2406 854 2469 quis
872 2407 950 2453 est
967 2402 1158 2468 paullo
1176 2405 1426 2453 erectior.

401 2472 495 2525 Mit
526 2473 622 2524 sed
654 2471 784 2523 wird
806 2471 890 2522 die
915 2469 1229 2524 Parenthese
1252 2476 1426 2523 unter-

399 2541 624 2594 brochen
670 2539 775 2592 und
822 2555 938 2591 zum
973 2538 1287 2607 Hauptsatze
1335 2554 1424 2590 zu·

399 2608 743 2676 ruckgekehrt
757 2648 771 2674 ,
819 2607 1005 2660 dessen
1040 2606 1284 2660 Gedanke
1329 2607 1424 2658 mit

400 2679 491 2731 der
507 2676 931 2743 Einschrfinkung
963 2676 1123 2727 modo
1159 2692 1228 2726 ne
1259 2678 1334 2726 eit
1353 2691 1425 2726 ex

397 2763 511 2866 '3⁶⁰1‘
524 2743 972 2866 3,,ᾮῖἠέῗέὲὲ
985 2746 1426 2866 {marm

435 2854 448 2868 ·
502 2854 512 2867 ·
1248 2851 1262 2878 ι

399 2882 484 2935 die
518 2879 802 2934 sinulichen
832 2878 989 2931 Luste
1025 2879 1264 2943 erhaben,
1300 2880 1426 2932 wie-

400 2948 604 3003 derholt
628 2946 771 2999 wird.
825 2943 940 3014 Vgl.
965 2947 1027 2999 111
1049 2946 1083 3013 5
1102 2950 1183 3000 97.
1220 2947 1262 2999 11
1285 2947 1319 3015 ᾗ
1338 2951 1423 3001 73.

399 3017 605 3070 Ebenso
640 3014 756 3069 sind
789 3014 869 3068 oft
903 3020 963 3067 at
995 3014 1100 3068 und
1123 3018 1302 3081 igitur
1335 3030 1424 3083 ge·

399 3084 639 3150 breuem,
687 3085 719 3149 5
745 3084 867 3136 121:
915 3099 1045 3149 ergo
1079 3085 1111 3149 5
1143 3087 1251 3137 134.

466 3157 515 3207 9.
553 3156 729 3204 victus
764 3152 889 3204 cult.
900 3172 920 3203 .·
973 3152 1216 3204 wahrend
1251 3155 1425 3204 victus

399 3223 510 3275 sich
546 3221 638 3274 auf
667 3220 750 3273 die
786 3220 1033 3288 Nahrung
1076 3220 1182 3273 und
1217 3220 1299 3273 die
1336 3237 1425 3274 an-

402 3291 524 3344 dern
548 3288 951 3356 nothwendigen
976 3287 1305 3342 Bedfirfnisse
1331 3289 1424 3343 des

401 3358 599 3411 Lebens
646 3357 878 3422 bezieht‚
932 3357 1057 3424 geht
1109 3357 1283 3409 cultus
1335 3357 1426 3410 auf

401 3427 484 3479 die
518 3424 858 3477 verfeinerten
894 3424 1242 3481 Bedurfnisse.

468 3494 542 3547 ad
558 3493 919 3545 valetudinem
943 3493 1236 3560 referam,
1257 3494 1423 3547 richte

398 3564 509 3618 sich
545 3562 677 3615 nach
701 3561 833 3627 dem,
869 3577 979 3615 was
998 3561 1082 3614 die
1106 3561 1423 3615 Gesundheit

396 3632 582 3699 nothig
616 3631 805 3685 macht.

472 3703 549 3754 10.
585 3699 637 3751 Α
779 3700 957 3751 etiam.
992 3697 1141 3751 Auch
1159 3697 1268 3750 dies
1285 3697 1422 3764 folgt

400 3784 493 3821 aus
527 3767 645 3821 dem
723 3781 881 3834 orzug
915 3767 1007 3819 der
1039 3765 1422 3819 menschlichen

396 3836 584 3901 Natur,
641 3834 758 3887 dass
794 3850 851 3888 es
887 3834 1069 3888 ehrbar
1102 3834 1171 3887 ist
1207 3834 1417 3901 missi&

397 3903 707 3957 euthaltsam
731 3920 783 3957 u.
819 3918 862 3957 s.
899 3918 964 3956 w.
1001 3918 1064 3954 zu
1102 3903 1269 3957 leben.
1323 3901 1422 3955 Um

397 3972 507 4025 dies
563 3971 788 4039 positive
822 3969 1052 4023 Moment
1104 3971 1420 4038 anzugeben,

1530 2127 1834 2181 wiederholt
1885 2128 1987 2181 Cic.
2046 2127 2099 2179 in
2143 2127 2331 2180 breiter
2376 2113 2584 2180 Weise*

1528 2195 1619 2248 das
1638 2197 1801 2249 sehon
1820 2195 1955 2249 oben
1976 2196 2070 2248 mit
2099 2196 2423 2262 voluptatem
2440 2212 2553 2247 non

1524 2266 1661 2317 satis
1703 2282 1812 2317 esee
1847 2266 2069 2332 dignam
2106 2267 2202 2318 cet.
2248 2264 2553 2332 angefflhrte

1527 2334 1768 2454 {tegative
1810 2333 2039 2387 Moment
2086 2333 2245 2387 durch
2297 2333 2553 2397 diffluere

1547 2418 1773 2455 meur-ta.

1603 2475 1680 2526 11.
1717 2473 1948 2523 hominis
1982 2469 2112 2522 fehlt
2130 2468 2182 2521 in
2201 2469 2300 2522 den
2322 2469 2552 2536 Hdschr„

1527 2539 1648 2591 aber
1682 2538 1748 2591 da
1784 2539 1873 2592 der
1897 2552 2060 2605 ganze
2083 2536 2289 2590 Beweis
2323 2538 2415 2591 auf
2434 2538 2551 2592 dem

1527 2605 1730 2675 Vorzug
1795 2607 1884 2660 der
1950 2606 2334 2659 menschlichen
2390 2607 2554 2660 Natur

1525 2691 1620 2728 vor
1650 2675 1740 2728 der
1770 2675 1861 2728 des
1878 2673 2091 2727 Thieres
2109 2674 2322 2740 berum,
2355 2675 2551 2729 konnte

1527 2743 1610 2796 ein
1628 2743 1813 2796 Zusatz
1840 2742 1940 2795 wie
1971 2745 2207 2794 hominis
2225 2743 2349 2797 oder
2364 2749 2553 2796 nostra

1527 2811 1668 2864 nicht
1687 2811 1875 2865 fehlen.
1899 2812 1931 2876 5
1957 2814 2050 2864 105
2070 2818 2332 2878 quantum
2349 2817 2551 2865 natura

1528 2882 1759 2931 hominis
1794 2879 1961 2930 beluis
1995 2879 2291 2934 antecedat.

1601 2951 1681 3002 15.
1715 2964 1785 2999 ex
1806 2964 1866 2999 eo
1885 2948 2045 3014 quod,
2076 2946 2397 3015 demgemfiss
2414 2949 2548 3014 dese,

1526 3016 1629 3069 wie
1663 3018 1696 3083 5
1734 3018 1798 3070 52
1847 3032 1916 3067 ex
1964 3031 2071 3081 qno
2116 3022 2246 3069 sunt
2278 3017 2378 3069 illa
2413 3033 2553 3069 com·

1524 3087 1729 3137 munia.
1743 3113 1810 3123 —
1829 3083 1920 3136 Die
1932 3083 2332 3153 Anerkennung‚
2354 3085 2552 3138 welche

1527 3152 1703 3206 Cicero
1750 3152 1860 3204 hier
1906 3151 2022 3204 dem
2071 3150 2241 3205 Witze
2292 3170 2356 3207 zu
2401 3153 2550 3206 Tbeil

1527 3221 1733 3274 werden
1787 3220 1940 3285 lasst,
1996 3220 2193 3273 stimmt
2243 3237 2384 3275 zwur
2433 3223 2553 3275 sehr

1528 3289 1667 3342 wohl
1685 3289 1780 3342 mit
1798 3288 1993 3341 seinem
2022 3289 2238 3355 eigenen
2257 3290 2551 3356 Charakten

1527 3357 1593 3410 da
1628 3373 1684 3411 er
1718 3357 1829 3410 sich
1864 3356 2198 3410 bekanntlich
2235 3358 2393 3411 durch
2412 3358 2550 3412 witz

1526 3426 1913 3491 auszeichnete‚
1957 3425 2080 3478 aher
2116 3427 2288 3494 wenig
2319 3426 2415 3479 mit
2449 3427 2550 3481 den

1526 3492 1880 3547 Grundsfitzen
1928 3493 2019 3546 der
2066 3492 2275 3547 Stoiker
2320 3495 2547 3549 uberein.

1526 3561 1671 3615 Stob.
1708 3579 1758 3630 p.
1797 3564 1897 3615 222
1943 3558 2009 3614 τὸ
2058 3557 2120 3614 δι’
2154 3560 2551 3633 εἰρωνεύεσθαι

1524 3625 1755 3751 0332?
1786 3628 2138 3768 ‘trames'
2172 3629 2548 3753 ‘⁰²{5‘2002’

1524 3761 1684 3821 δαῖον
1716 3716 2217 3840 sigmadncffaaf’w
2360 3767 2370 3772 ”

1599 3839 1675 3890 17.
1713 3852 1785 3887 ece
1817 3851 1925 3902 qua
1958 3838 2103 3887 ratio
2139 3864 2181 3875 -
2217 3839 2549 3902 eoequiriw,

1526 3903 1728 3957 worauf
1759 3903 1842 3955 die
1859 3902 2225 3970 Entwicklung
2248 3903 2337 3957 der
2362 3904 2549 3957 Pfficht

1523 3971 1856 4039 zurtlckgeht.
1894 3971 1928 4038 5
1956 3974 2067 4025 119.
