2813 4537
372 274 454 338 88
1001 280 1085 334 DE
1123 277 1381 332 orrlcns
1418 277 1536 333 ΠΒ.
1553 278 1589 333 1.
1662 277 1804 333 CAP.
1823 280 1908 333 29.

370 450 568 529 gentia
598 469 711 513 nec
730 461 870 513 vero
899 469 1074 531 agere
1105 451 1442 549 quiequam,
1473 450 1643 513 cuius
1672 468 1795 511 non
1825 449 2014 531 possit
2042 467 2277 512 causam
2308 448 2523 530 proba-

266 546 355 599 102
370 534 549 598 bilem
576 537 842 599 reddere.
893 537 1056 599 Haec
1085 543 1175 600 est
1194 537 1353 599 enim
1383 536 1507 598 fere
1536 534 1853 617 descriptio
1879 534 2077 597 officii.
2128 533 2522 597 Efficiendum

340 630 563 688 ,autem
608 630 700 684 est
729 630 797 684 ut
822 621 1119 703 adpetitus
1145 620 1358 684 rationi
1391 619 1711 683 oboediant
1740 638 1987 701 eamque
2017 639 2213 702 neque
2242 638 2520 701 praecur-

366 715 503 769 rant
522 725 635 769 nec
646 715 896 789 propter
909 706 1206 788 pigritiam
1227 718 1331 770 aut
1354 705 1647 785 ignaviam
1661 706 1936 768 deserant
1956 706 2195 787 sintque
2217 705 2522 787 tranquilli

368 801 545 875 atque
575 792 740 855 omni
769 792 993 870 [animi]
1024 791 1469 874 perturbatione
1496 800 1763 856 careant.
1795 810 1867 852 ex
1895 810 2016 873 quo
2045 790 2301 854 elucebit
2328 791 2523 854 omnis
2565 804 2595 854 5

370 878 699 941 constantia
730 878 1044 959 omnisque
1072 877 1414 940 moderatio.
1474 876 1620 940 Nam
1666 877 1769 958 qui
1798 877 2096 975 appetitus
2123 876 2363 957 longius
2392 895 2524 940 eva-

370 971 590 1043 gantur
632 971 694 1025 et
733 972 1034 1061 tamquam
1077 962 1409 1026 exultantes
1448 961 1570 1025 sive
1599 962 1896 1044 cupiendo
1926 962 2047 1025 sive
2088 961 2369 1043 fugiendo
2400 981 2524 1024 non

369 1049 511 1112 satis
538 1067 572 1111 a
600 1048 831 1111 ratione
857 1049 1228 1123 retinentur,
1270 1049 1312 1110 ii
1353 1048 1485 1110 sine
1527 1047 1710 1111 dubio
1749 1048 1933 1110 finem
1973 1059 2032 1110 et
2058 1048 2305 1111 modum
2330 1056 2524 1111 trans-

370 1144 532 1197 eunt.
589 1132 961 1215 Relinquunt
989 1133 1150 1197 enim
1178 1142 1238 1196 et
1277 1132 1544 1198 abiciunt
1571 1132 2006 1197 oboedientiam
2035 1152 2149 1195 nec
2175 1132 2392 1196 rationi
2419 1153 2525 1215 pa-

368 1227 502 1282 rent
520 1265 537 1295 ,
581 1219 678 1280 cui
722 1228 863 1282 sunt
902 1219 1153 1282 subiecti
1184 1218 1315 1300 lege
1346 1228 1622 1282 naturae:
1666 1237 1700 1280 a
1730 1218 1948 1300 quibus
1976 1237 2099 1281 non
2129 1219 2307 1281 modo
2342 1218 2521 1280 animi
2558 1233 2626 1286 10

369 1303 812 1386 perturbantur,
842 1305 943 1367 sed
967 1305 1145 1367 etiam
1168 1322 1438 1386 corpora.
1490 1303 1658 1366 Licet
1686 1323 1791 1366 ora
1819 1305 1948 1386 ipsa
1969 1322 2214 1368 cernere
2241 1304 2526 1367 iratorum

272 1451 281 1457 .
370 1398 474 1452 aut
501 1408 740 1465 eorum,
785 1390 887 1471 qui
914 1398 1016 1453 aut
1059 1390 1325 1453 lubidine
1365 1390 1563 1471 aliqua
1605 1398 1705 1453 aut
1734 1399 1897 1452 metu
1932 1389 2212 1452 commoti
2255 1398 2395 1452 sunt
2425 1397 2528 1452 aut

368 1474 670 1557 voluptate
698 1475 880 1538 nimia
922 1476 1213 1556 gestiunt:
1258 1494 1516 1556 quorum
1556 1475 1825 1538 omnium
1854 1474 2049 1538 vultus
2077 1493 2252 1537 voces
2268 1520 2285 1550 ,
2325 1483 2528 1537 motus

268 1566 356 1618 103
369 1567 671 1641 statusque
714 1569 1039 1624 mutantur.
1096 1561 1186 1622 Ex
1232 1561 1452 1642 quibus
1490 1560 1639 1623 illud
1681 1559 2081 1641 intellegitur,
2123 1568 2190 1623 ut
2230 1560 2304 1623 ad
2345 1560 2526 1623 officii

370 1646 620 1709 formam
650 1658 1044 1722 revertamur,
1087 1645 1385 1728 appetitus
1416 1665 1625 1709 omnes
1655 1647 2092 1709 contrahendos
2118 1646 2527 1726 sedandosque
2572 1658 2628 1710 15

372 1750 501 1793 esse
544 1731 1029 1813 excitandamque
1069 1732 1638 1795 animadversionem
1668 1739 1729 1793 et
1755 1731 2153 1812 diligentiam,
2184 1740 2251 1794 ut
2279 1750 2357 1794 ne
2386 1731 2528 1812 quid

369 1827 594 1881 temere
623 1836 692 1879 ac
722 1817 987 1894 fortuito,
1018 1817 1457 1882 inconsiderate
1488 1817 1989 1898 neglegenterque
2019 1835 2280 1896 agamus.

539 1900 746 1983 Neque
790 1903 948 1966 enim
993 1903 1073 1964 ita
1118 1903 1384 1983 generati
1412 1922 1447 1964 a
1477 1912 1684 1966 natura
1728 1921 1967 1975 sumus,
2012 1910 2079 1965 ιιι
2120 1903 2193 1964 ad
2235 1895 2441 1965 ludum
2470 1912 2529 1965 et

370 1987 571 2050 iocum
598 1988 738 2050 facti
769 2007 898 2050 esse
925 1987 1260 2064 videamur,
1306 1988 1379 2050 ad
1423 1987 1790 2052 severitatem
1818 1988 2019 2070 potius
2052 1996 2111 2049 et
2139 1988 2211 2050 ad
2243 1988 2527 2068 quaedam

252 2129 259 2134 .
371 2072 565 2135 studia
595 2072 860 2152 graviora
879 2082 1057 2153 atque
1084 2073 1327 2135 maiora.
1377 2073 1547 2136 Ludo
1576 2081 1773 2136 autem
1806 2082 1864 2136 et
1891 2073 2024 2135 ioco
2046 2073 2136 2135 uti
2163 2072 2266 2134 illo
2290 2072 2527 2153 quidem
2569 2086 2628 2138 2⁰

370 2157 531 2233 licet,
562 2158 664 2218 sed
693 2157 847 2220 sicut
874 2176 1086 2220 somno
1122 2167 1179 2220 et
1208 2158 1511 2239 quietibus
1534 2158 1746 2221 ceteris
1772 2167 1900 2221 tum
1918 2204 1934 2234 ,
1966 2177 2102 2221 cum
2133 2157 2406 2239 gravibus
2434 2177 2528 2219 se-

370 2243 594 2325 riisque
622 2242 804 2306 rebus
831 2244 972 2307 satis
999 2243 1334 2308 fecerimus.
1397 2244 1721 2326 Ipsumque
1751 2263 1941 2325 genus
1969 2243 2203 2307 iocandi
2232 2261 2355 2307 non
2386 2262 2528 2327 pro-

370 2331 571 2391 fusum
615 2347 726 2392 nec
769 2330 1220 2406 immodestum,
1266 2330 1369 2392 sed
1415 2331 1743 2410 ingenuum
1787 2339 1849 2392 et
1887 2331 2144 2393 facetum
2174 2347 2302 2392 esse
2330 2329 2527 2395 debet.

376 2414 449 2478 Ut
479 2414 638 2477 enim
668 2415 871 2496 pueris
899 2433 1023 2477 non
1054 2434 1290 2478 omnem
1334 2415 1577 2478 ludendi
1618 2416 1916 2478 licentiam
1962 2416 2202 2491 damus,
2245 2416 2347 2477 sed
2379 2433 2528 2490 eam,

374 2518 525 2581 quae
554 2499 628 2563 ab
657 2499 986 2564 honestatis
1012 2501 1346 2564 actionibus
1376 2519 1499 2562 non
1533 2500 1606 2564 sit
1635 2501 1859 2578 aliena,
1891 2501 1975 2563 sic
2005 2502 2067 2563 in
2098 2501 2230 2583 ipso
2260 2500 2392 2563 ioco
2422 2500 2526 2563 ali·
2571 2513 2630 2564 25

268 2591 355 2645 104
375 2586 533 2668 quod
580 2586 752 2668 probi
796 2586 1020 2667 ingenii
1063 2586 1265 2650 lumen
1311 2587 1557 2650 eluceat.
1618 2586 1850 2668 Duplex
1880 2587 2125 2648 omnino
2169 2595 2259 2649 est
2293 2586 2529 2649 iocandi

373 2690 595 2752 genuS,
626 2690 815 2734 unum
845 2672 1151 2736 inliberale
1180 2671 1456 2755 petulans
1472 2717 1490 2747 ,
1519 2671 1875 2752 flagitiosum
1905 2671 2251 2748 obscenum,
2280 2672 2530 2734 alterum

373 2757 611 2837 elegans
651 2756 982 2834 urbanum,
1025 2758 1402 2836 ingeniosum
1444 2758 1718 2820 facetum.
1776 2757 1907 2829 Quo
1952 2776 2170 2837 genere
2198 2775 2323 2819 non
2351 2758 2529 2819 modo

371 2842 616 2905 Plautus
646 2853 848 2905 noster
879 2852 937 2905 et
966 2843 1295 2905 Atticorum
1336 2843 1577 2923 antiqua
1622 2842 1957 2918 comoedia,
2000 2844 2102 2905 sed
2133 2843 2305 2905 etiam
2337 2842 2531 2924 philo-

448 3012 495 3061 1.
541 3012 748 3075 possit.-
800 3024 892 3063 aus
925 3008 1046 3062 dem
1072 3009 1401 3062 Abstractum
1507 3010 1733 3077 genehen
1780 3011 2016 3077 werden,
2067 3010 2206 3078 zeigt
2254 3010 2365 3064 sich
2398 3011 2531 3064 auch

375 3080 517 3130 aetio
572 3076 643 3131 ist
693 3081 742 3128 is
775 3080 872 3145 qui
905 3082 1026 3143 agat
1070 3076 1150 3131 als
1185 3076 1402 3143 Subject
1505 3078 1560 3131 in
1594 3095 1627 3130 a
1665 3081 1872 3146 quibus.

374 3162 442 3199 zu
474 3147 755 3214 erginzem
799 3144 907 3214 vgl.
940 3145 963 3198 1
996 3145 1030 3213 ᾗ
1057 3148 1170 3199 121.
1213 3147 1324 3200 134.
1361 3145 1402 3197 11
1579 3151 1658 3201 11.
1726 3148 1821 3200 sed
1890 3150 2052 3199 etiam
2113 3163 2377 3215 corpora.-
2444 3147 2529 3199 ein

448 3217 532 3270 39.
1505 3215 1757 3281 Zeugma,
1821 3215 1954 3268 denn
2012 3216 2330 3283 perturbari
2390 3214 2529 3268 kann

442 3285 492 3336 2.
546 3283 691 3334 Haec
725 3288 804 3334 eet
839 3311 881 3320 -
917 3283 1241 3349 descriptio:
1293 3282 1399 3349 vgl.
1505 3283 1650 3336 nicht
1694 3283 1974 3350 eigentlich
2020 3299 2126 3337 von
2161 3283 2262 3336 den
2295 3282 2528 3351 Korpern

374 3350 510 3405 Einl.
543 3352 590 3416 §⁴
613 3352 680 3403 20
715 3367 765 3403 u.
801 3365 846 3402 z.
883 3351 916 3415 ἦ
942 3355 991 3405 7.
1507 3355 1690 3419 gesagt
1746 3351 1985 3418 werden,
2039 3351 2293 3404 vielmehr
2355 3351 2530 3403 deeor-

445 3421 494 3472 3.
539 3422 924 3486 praecurrant.
971 3418 1064 3471 Die
1097 3418 1399 3472 Ausdn’icke
1504 3422 1674 3486 qum-i.

371 3491 764 3566 praecurrant,
800 3486 1063 3552 deserant,
1098 3491 1400 3553 evagantur
1576 3491 1656 3541 14.
1694 3486 1871 3550 oflicii
1902 3485 2165 3553 formam,
2200 3486 2299 3540 den
2332 3485 2534 3554 Begrifl'

373 3572 425 3675 ¹1¹(
446 3571 486 3610 s,
508 3571 576 3610 w.
612 3554 968 3677 zeizgerliiddggs
992 3554 1285 3686 diee'ldriebe
1306 3555 1402 3676 ιὲιιῇἑ,
1504 3555 1595 3609 der
1628 3554 1909 3686 Pflphtm?
1930 3558 2010 3675 115)
2043 3524 2338 3676 fogmaz,
2314 3560 2368 3606 et
2399 3560 2534 3606 tam-

421 3639 574 3678 ossen
642 3639 677 3675 v
1008 3639 1059 3675 w
1093 3640 1118 3675 ι·
1153 3639 1216 3676 en
1540 3640 1667 3676 uam
1728 3640 1814 3676 aet
2002 3639 2095 3675 nes
2174 3640 2230 3675 vt

374 3707 479 3745 von
514 3692 605 3746 der
637 3639 892 3745 Veri-{unit
925 3691 1004 3744 als
1021 3690 1402 3758 Wagenlenker
1506 3641 1539 3690 q
1575 3695 1657 3746 20.
1690 3693 1792 3743 illo
1828 3691 2069 3758 quidem:
2114 3707 2155 3744 s.
2192 3708 2236 3744 z.
2274 3691 2308 3759 ᾗ
2343 3695 2426 3746 66.

374 3775 483 3827 regu
467 3761 565 3814 ‘ert
599 3760 806 3815 werden
887 3759 972 3813 ein
1015 3760 1115 3813 seit
1148 3758 1299 3813 Plato
1337 3763 1400 3827 (S.
1574 3759 2227 3827 21.quiet1·1›m.·s.z.5
2263 3762 2349 3813 41.

374 3775 591 3882 Phaedr.
699 3831 797 3883 246
815 3800 880 3896 h)
916 3827 1016 3881 den
1050 3827 1402 3897 Philosophen
1575 3832 1658 3883 25.
1678 3830 1971 3882 honestatis
1982 3830 2287 3880 actionibus
2298 3828 2348 3882 d.
2362 3828 2396 3880 i.
2410 3833 2533 3895 aet„

376 3897 495 3950 selu·
558 3845 747 3977 gessufi
783 3912 841 3951 es
905 3895 1037 3951 Bild.
1127 3896 1256 3950 Dass
1318 3897 1401 3951 die
1506 3913 1639 3964 quas
1672 3898 1922 3960 'tenutas
1952 3898 2293 3964 praescribit.

377 3964 563 4019 Triebe
609 3964 709 4017 wie
791 3964 1044 4019 andelnde
1078 3965 1271 4019 Wesen
1313 3981 1402 4019 an·
1573 3968 1656 4020 29.
1669 3967 1974 4019 Atticorum
1985 3967 2215 4031 antiqua
2229 3964 2531 4017 comoedia.-
