2813 4537
408 277 491 338 68

962 310 968 316 -
1042 274 1126 327 DE
1164 271 1425 328 OFFICIIS
1460 271 1578 326 ΗΒ.
1614 271 1649 325 1.
1705 269 1846 324 CAP.
1872 273 1949 324 19.

298 450 303 453 ’
410 451 663 520 utilitate
687 448 990 511 communi
1021 446 1367 529 impellitur,
1397 445 1673 508 audaciae
1693 443 1895 525 potius
1918 460 2136 505 nomen
2157 440 2369 503 habeat
2390 461 2567 524 quam

410 532 810 600 fortitudinis?
868 535 1074 614 ltaque
1119 533 1279 594 viros
1318 532 1503 593 fortes
1547 539 1608 592 et
1644 529 2055 610 magnanimos
2098 528 2335 590 eosdem
2374 528 2569 590 honos

415 630 472 684 et
501 622 832 703 simplices,
875 618 1134 682 veritatis
1162 618 1384 679 amicos
1413 616 1775 697 minimeque
1816 613 2051 676 fallaces
2097 631 2225 676 esse
2259 613 2565 677 volumus:

312 722 370 773 64
416 725 566 789 quae
598 715 738 769 sunt
767 723 835 768 ex
865 703 1059 767 media
1092 704 1262 766 laude
1290 702 1565 764 iustitiae.
1627 701 1743 763 Sed
1773 698 1916 761 illud
1945 699 2217 763 odiosum
2248 709 2366 775 est,
2411 700 2569 780 quod

415 795 476 854 in
500 794 610 855 hac
641 790 894 854 elatione
924 798 983 853 et
1002 788 1412 869 magnitudine
1440 786 1621 849 animi
1650 785 1927 847 facillime
1945 785 2267 867 pertinacia
2299 793 2359 847 et
2390 786 2570 847 nimia
2600 794 2632 845 5

414 877 705 960 cupiditas
749 875 1120 958 principatus
1175 873 1522 936 innascitur.
1609 872 1683 934 Ut
1730 871 1886 933 enim
1931 871 2088 953 apud
2130 870 2436 934 Platonem
2483 879 2573 933 est

414 969 673 1026 ‘omnem
719 979 942 1024 morem
972 959 1575 1022 Lacedaemoniorum
1619 958 2043 1019 inflammatum
2085 975 2214 1019 esse
2247 956 2573 1038 cupiditate

413 1046 728 1123 vincendi’,
758 1048 845 1109 sic
872 1055 942 1108 ut
970 1046 1222 1127 quisque
1251 1045 1435 1107 animi
1464 1042 1869 1123 magnitudine
1898 1060 2169 1105 maxume
2200 1042 2464 1119 excellet,
2491 1043 2572 1104 ita

419 1151 691 1196 maxume
725 1131 847 1194 vult
889 1132 1170 1213 princeps
1214 1132 1479 1193 omnium
1521 1129 1610 1190 vel
1654 1128 1854 1209 potius
1896 1126 2060 1190 solus
2103 1145 2250 1190 esse.
2322 1127 2572 1190 Difficile

417 1230 613 1282 autem
646 1225 763 1293 est,
805 1234 941 1279 cum
982 1224 1279 1298 praestare
1325 1214 1604 1277 omnibus
1646 1213 2053 1294 concupieriS,
2092 1228 2323 1276 servare
2365 1213 2569 1295 aequi·
2617 1220 2679 1270 10

417 1312 627 1380 tatem,
671 1321 822 1384 quae
853 1311 942 1364 est
969 1302 1224 1365 iustitiae
1266 1319 1537 1364 maxume
1579 1299 1839 1382 propria.
1900 1299 1988 1360 Ex
2018 1317 2137 1379 quo
2179 1300 2244 1361 fit
2284 1308 2348 1361 ut
2380 1318 2573 1381 neque

419 1389 849 1471 disceptatione
877 1388 1033 1450 vinci
1063 1406 1129 1449 se
1159 1406 1270 1450 nec
1291 1387 1416 1450 ullo
1440 1385 1679 1467 publico
1710 1404 1779 1447 ac
1808 1383 2075 1464 legitimo
2105 1384 2235 1446 iure
2259 1384 2576 1465 patiantur,

420 1476 800 1555 existuntque
828 1474 892 1535 in
915 1492 980 1535 re
1001 1472 1240 1555 publica
1262 1472 1613 1554 plerumque
1642 1470 1951 1550 largitores
1971 1479 2033 1532 et
2062 1469 2311 1546 factiosi,
2343 1479 2409 1532 ut
2430 1489 2577 1552 opes
2631 1544 2634 1547 ¹

423 1579 597 1642 quam
626 1576 930 1621 maxumas
960 1567 1401 1639 consequantur
1444 1566 1506 1619 et
1546 1558 1666 1619 sint
1704 1556 1760 1616 vi
1790 1556 1992 1637 potius
2028 1556 2369 1637 superiores
2401 1574 2578 1637 quam

423 1645 641 1708 iustitia
671 1663 861 1727 pares.
922 1644 1037 1706 Sed
1069 1662 1187 1725 quo
1218 1643 1536 1716 difficilius,
1567 1643 1683 1704 hoc
1711 1640 2088 1723 praeclarius.
2145 1640 2387 1704 Nullum
2417 1641 2579 1704 enim

421 1741 510 1794 est
548 1742 786 1812 tempus
816 1730 974 1810 quod
1016 1729 1240 1791 iustitia
1268 1747 1473 1791 vacare
1502 1728 1728 1790 debeat.
1789 1726 2002 1789 Fortes
2042 1726 2223 1805 igitur
2251 1737 2310 1789 et
2335 1744 2578 1807 magna-

424 1816 571 1879 nimi
601 1829 739 1878 sunt
769 1814 1023 1877 habendi
1055 1834 1178 1876 non
1210 1815 1311 1895 qui
1342 1815 1602 1889 faciunt,
1637 1814 1737 1875 sed
1771 1813 1873 1894 qui
1903 1813 2255 1894 propulsant
2281 1813 2576 1875 iniuriam.

421 1901 571 1963 Vera
601 1909 797 1964 autem
842 1908 900 1962 et
942 1901 1179 1982 sapiens
1223 1901 1402 1963 animi
1442 1899 1789 1979 magnitudo
1831 1899 2148 1960 honestum
2195 1898 2376 1974 illud,
2422 1899 2577 1979 quod

421 2005 695 2048 maxume
727 1994 932 2050 natura
961 1986 1261 2066 sequitur,
1292 1986 1353 2047 in
1387 1985 1556 2048 factis
1584 1984 1866 2066 positum,
1900 2002 2021 2045 non
2053 1983 2113 2045 in
2146 1983 2333 2063 gloria
2363 1985 2581 2046 iudicat

423 2071 875 2168 principemque
903 2089 965 2131 se
997 2089 1124 2132 esse
1152 2070 1370 2133 mavult
1399 2088 1578 2151 quam
1604 2069 1805 2131 videri.
1865 2068 2098 2131 Etenim
2145 2070 2247 2149 qui
2278 2089 2348 2130 ex
2379 2088 2581 2132 errore

426 2157 734 2237 imperitae
763 2155 1160 2217 multitudinis
1190 2156 1449 2237 pendet,
1497 2156 1596 2218 hic
1636 2156 1697 2217 in
1729 2154 1959 2234 magnis
2000 2154 2138 2215 viris
2185 2173 2305 2217 non
2352 2166 2441 2217 est
2477 2156 2580 2216 ha-

424 2240 674 2304 bendus.
746 2239 1048 2304 Facillime
1077 2248 1274 2304 autem
1305 2242 1374 2304 ad
1406 2261 1503 2306 res
1545 2242 1796 2304 iniustas
1838 2239 2178 2323 inpellitur,
2221 2250 2289 2304 ut
2328 2240 2582 2323 quisque

494 2396 544 2446 4.
599 2409 669 2443 eoe
715 2393 894 2443 media
942 2392 1099 2444 laude
1130 2396 1282 2458 inst„
1335 2407 1452 2444 zum

427 2461 690 2513 innersten
707 2460 898 2512 Wesen
929 2459 1018 2512 der
1036 2460 1451 2528 Gerechtigkeit3

429 2529 492 2582 de
512 2545 583 2582 or.
603 2528 623 2580 1
646 2531 728 2595 39,
752 2532 848 2582 180
871 2532 930 2580 in
953 2530 1128 2581 medio
1153 2534 1276 2582 iure
1302 2530 1455 2581 civili

427 2600 649 2649 versari.
698 2596 763 2649 de
787 2596 889 2664 leg.
914 2596 956 2648 11
980 2601 1063 2664 21,
1090 2602 1153 2652 53
1191 2601 1292 2651 hoc
1326 2614 1452 2649 vero

426 2669 547 2718 nihi
550 2666 569 2715 1
581 2666 656 2716 ad
660 2681 697 2733 p
704 2667 1005 2729 ontificium
1020 2670 1119 2732 ius,
1134 2668 1229 2718 sed
1240 2684 1268 2717 e
1278 2667 1454 2717 medio

427 2740 504 2786 est
538 2738 661 2785 iure
697 2734 864 2785 civili.

499 2803 743 2853 odiosum
789 2807 869 2853 est
909 2827 980 2847 ==
1024 2802 1303 2853 molestum
1352 2807 1457 2866 est,-

429 2869 662 2922 derselbe
699 2868 942 2921 Cedanke
978 2870 1010 2936 ξ
1038 2872 1104 2923 26
1139 2886 1188 2921 u.
1228 2873 1312 2922 74.

500 2940 546 2990 6.
575 2953 608 2987 a
644 2937 724 2988 ud
740 2937 1043 2989 Platonem:
1069 2938 1456 3004 Lach.p.182E

428 3006 586 3056 Λακε
624 3010 924 3072 αιμονίους,
983 3003 1061 3058 οἷς
1111 3001 1275 3057 οὐδὲν
1328 3001 1457 3057 ἄλλο

427 3070 576 3141 μέλει
621 3074 682 3125 ἐν
725 3074 806 3139 'tq‘
856 3078 966 3141 βίῳ
1002 3068 1037 3139 ἢ
1069 3073 1235 3126 τοῦτο
1272 3075 1457 3157 ζητεῖν

428 3145 521 3193 καὶ
545 3137 904 3207 ἐπιτηδεύειν,
944 3135 975 3194 ὅ
999 3161 1055 3195 τι
1078 3135 1150 3195 ἂν
1172 3141 1458 3210 μαθοντες

428 3212 520 3262 καὶ
568 3204 1025 3275 ἐπιτηδεύσαντες
1076 3207 1458 3264 πλεονεκτοῖεν

428 3279 550 3331 τῶν
606 3275 792 3332 ἄλλων
850 3282 977 3349 περὶ
1034 3277 1139 3332 τὸν
1199 3275 1454 3348 πόλεμον.

429 3346 571 3399 Doch
596 3347 797 3399 scheint
817 3348 919 3401 Cic.
940 3348 1055 3400 eine
1080 3348 1266 3401 andere
1283 3347 1460 3401 Plato-

430 3415 608 3466 nische
654 3414 816 3467 Stelle
861 3416 984 3468 oder
1029 3417 1112 3469 ein
1159 3431 1460 3485 ungenaues

431 3482 567 3535 Citat
602 3497 695 3535 aus
720 3481 869 3535 Plato
905 3499 999 3536 vor
1034 3485 1144 3537 sich
1179 3485 1370 3552 gehabt
1393 3502 1457 3537 zu

429 3551 614 3605 haben.
663 3566 778 3603 mos
810 3552 880 3605 ist
915 3552 1022 3604 ‘der
1046 3552 1456 3621 Nationalgeist’.

501 3623 548 3673 8.
586 3620 807 3672 excellet
830 3620 900 3674 ist
922 3619 1157 3674 Priscus,
1195 3621 1287 3674 Die
1307 3621 1457 3673 Form

433 3689 665 3740 eoeeelleo
701 3688 866 3744 findet
902 3689 1011 3742 sich
1036 3689 1179 3741 nicht
1216 3690 1378 3742 selten
1403 3689 1459 3741 in

433 3756 530 3809 den
566 3756 750 3810 besten
785 3756 935 3811 Hdss.
971 3773 1075 3810 von
1100 3758 1204 3810 Cic.
1260 3757 1331 3811 So
1368 3775 1460 3809 ex-

433 3824 625 3876 cellent
658 3825 809 3879 Tusc.
844 3825 887 3878 11
925 3830 1006 3894 18,
1031 3828 1113 3879 43.
1169 3826 1457 3878 antecelleo

431 3907 525 3960 pro
561 3890 689 3945 Mur.
731 3897 819 3960 13,
856 3898 938 3950 29.
1008 3895 1212 3948 Ebenso
1256 3895 1321 3947 de
1359 3903 1456 3948 am'.

434 3964 519 4026 20,
556 3963 637 4014 73.
690 3962 741 4012 in
780 3960 883 4017 Pis.
923 3966 1004 4030 38,
1043 3967 1126 4017 94.

1629 2396 1705 2445 11.
1725 2392 1819 2443 Ea>
1836 2408 1941 2459 quo
1957 2393 2025 2456 fit
2040 2397 2139 2447 cet.
2175 2390 2303 2444 Dass
2322 2392 2452 2444 anch
2474 2392 2582 2445 dies

1557 2459 1650 2512 mit
1696 2459 1980 2513 Rficksicht
2028 2460 2120 2514 auf
2164 2459 2247 2512 die
2292 2459 2583 2527 damaligen

1514 2527 1908 2581 'Verhfiltnisse
1963 2529 2017 2581 in
2073 2528 2204 2581 Rom
2259 2533 2442 2596 gesagt
2496 2530 2583 2595 ist,

1555 2596 1787 2649 leuchtet
1832 2598 1932 2652 ein.
2003 2596 2096 2649 Bei
2141 2597 2260 2649 dem
2307 2597 2584 2664 folgenden

1555 2663 1726 2726 fortes
1759 2670 1936 2732 igitur
1973 2670 2072 2720 cet.
2128 2666 2328 2718 scheint
2364 2666 2465 2720 Cic.
2503 2682 2585 2718 so-

1559 2748 1649 2800 gar
1704 2749 1769 2786 an
1816 2734 1958 2786 seine
2005 2734 2052 2786 ei
2090 2749 2186 2787 ene
2236 2733 2475 2801 Stenung
2521 2751 2584 2787 zu

1559 2801 1780 2868 denken‚
1815 2802 1933 2854 dass
1969 2817 2024 2854 er
2084 2803 2207 2855 urch
2232 2801 2585 2870 Vernichtung

1560 2869 1651 2922 der
1685 2869 2004 2923 Catilinarier
2045 2871 2149 2924 und
2194 2871 2336 2923 scine
2372 2870 2585 2938 Thatig-

1558 2937 1669 2989 keit
1694 2954 1788 2991 vor
1811 2938 2019 2991 Gericht
2042 2938 2143 2991 den
2168 2938 2316 2992 Staat
2338 2940 2445 2992 und
2466 2940 2586 2993 Ein-

1560 3006 1706 3058 zelne
1731 3007 2018 3075 geschfitzt,
2055 3008 2209 3060 Casar
2243 3007 2474 3074 dagegen
2500 3008 2585 3062 die

1560 3074 1879 3143 Verfassuug
1913 3081 2143 3143 gestiirzt
2177 3076 2327 3132 habe.

1632 3146 1712 3197 12.
1737 3145 1955 3210 publico
1975 3162 2041 3196 ac
2060 3145 2237 3211 legit..·
2261 3143 2496 3200 Gemeint
2514 3146 2586 3199 ist

1558 3212 1613 3264 in
1630 3210 1911 3265 Processen
1928 3213 2033 3265 und
2046 3214 2131 3265 hei
2145 3212 2345 3266 Volksv
2403 3209 2588 3267 samm-

1559 3281 1753 3346 lungen
1767 3280 1872 3333 und
1882 3279 2307 3348 Abstimmungen
2324 3281 2336 3293 '
2408 3282 2583 3339 Senat.

1632 3352 1711 3402 19.
1751 3352 1810 3400 in
1843 3348 1974 3411 fact.
2006 3367 2120 3417 pos.
2156 3366 2266 3401 non
2294 3353 2355 3401 in
2372 3350 2484 3416 gL:
2519 3352 2586 3404 ad

1561 3416 1680 3470 fam.
1728 3416 1824 3468 XV
1868 3421 1927 3484 4,
1970 3422 2030 3472 13
2076 3423 2127 3469 ει·
2160 3421 2441 3486 quisquam
2474 3419 2592 3481 fuit

1559 3501 1816 3551 umquam
1839 3492 2075 3538 remotm
2097 3489 2161 3538 ab
2183 3490 2342 3538 inani
2361 3487 2519 3539 laude
2538 3495 2591 3541 et

1558 3557 1894 3608 sermonibus
1925 3556 2101 3622 vulgi,
2140 3572 2239 3622 ego
2271 3554 2515 3622 profecto
2543 3561 2591 3609 is

1561 3638 1693 3674 sum.
1767 3622 1933 3674 Testis
1968 3629 2045 3675 est
2082 3624 2391 3675 consulatus
2425 3641 2589 3691 meus,

1561 3694 1623 3741 in
1656 3707 1761 3756 quo
1786 3696 1930 3743 sicut
1956 3695 2014 3743 in
2044 3693 2256 3760 reliqua
2273 3694 2390 3743 vita
2406 3692 2591 3756 fateor

1563 3776 1626 3810 ea
1653 3775 1738 3810 me
1766 3761 2003 3812 studiose
2024 3767 2281 3826 secutum,
2313 3776 2382 3811 em
2399 3766 2592 3828 quibus

1561 3844 1716 3879 vera
1746 3829 1979 3894 gloria
2013 3832 2165 3881 nasci
2181 3834 2378 3896 posset,
2415 3834 2589 3898 ipsam

1561 3896 1778 3962 quidem
1818 3897 2122 3962 gloriam
2161 3913 2286 3964 per
2331 3914 2395 3949 se
2438 3915 2593 3951 num-

1566 3981 1726 4029 quam
1757 3970 1953 4032 putavi
1988 3967 2356 4039 expetendam.

2622 1644 2681 1697 ¹5

2623 2071 2685 2122 20
