2813 4537
866 288 950 341 DE
987 287 1250 343 orrlcns
1287 288 1405 343 LlB.
1439 289 1477 343 l.
1549 290 1692 345 GAP.
1722 303 1760 345 1.
2312 288 2398 351 332

230 467 634 540 quereturque
678 468 736 522 et
775 460 924 523 illud
966 461 1206 523 forense
1244 461 1480 525 dicendi
1524 469 1586 523 et
1613 462 1732 524 hoc
1757 462 2024 543 quietum
2054 464 2393 545 disputandi

229 563 446 624 genus,
478 544 592 607 nisi
620 545 776 608 forte
803 545 1141 630 Demetrius
1167 545 1489 610 Phalereus
1518 547 1582 608 in
1611 548 1729 610 hoc
1758 566 2008 611 numero
2037 548 2244 613 haberi
2282 569 2396 631 po-

226 638 368 705 test,
411 629 744 710 disputator
785 631 1039 706 subtiliS,
1082 639 1284 695 orator
1322 648 1533 712 parum
1574 633 1910 707 vehemens,
1953 633 2147 696 dulcis
2174 643 2394 710 tamen,

229 725 301 777 ut
331 714 725 796 Theophrasti
767 716 1127 798 discipulum
1168 717 1371 798 possis
1397 735 1741 798 agnoscere.
1823 717 1949 780 Nos
1978 727 2175 783 autem
2205 737 2397 801 quan·

155 812 189 861 5
231 810 362 862 tum
390 801 455 863 in
485 809 743 882 utroque
785 802 1238 884 profecerimus,
1281 802 1532 865 aliorum
1574 802 1651 865 sit
1701 802 2017 879 iudicium,
2071 812 2392 885 utrumque

232 894 399 948 certe
421 886 610 948 secuti
653 904 880 950 sumus,
965 887 1258 969 Equidem
1301 896 1362 949 et
1402 887 1712 950 Platonem
1758 888 2067 963 existumo,
2113 888 2162 951 si
2207 907 2398 968 genus
2423 900 2455 950 4

230 973 473 1034 forense
498 971 739 1035 dicendi
768 981 1021 1036 tractare
1047 972 1349 1047 voluisset,
1391 972 1732 1052 gravissime
1762 982 1821 1036 et
1849 972 2254 1055 copiosissime
2282 992 2394 1056 po·-

227 1054 417 1119 tuisse
445 1056 643 1119 dicere
690 1066 749 1120 et
776 1058 1257 1134 Demosthenem,
1287 1059 1338 1120 si
1366 1057 1486 1131 illa,
1531 1077 1683 1139 quae
1725 1077 1760 1120 a
1803 1057 2054 1121 Platone
2094 1058 2396 1133 didicerat,

230 1141 525 1204 tenuisset
554 1151 614 1204 et
640 1142 1030 1225 pronuntiare
1050 1142 1354 1220 voluisset,
1378 1153 1588 1207 ornate
1610 1142 2038 1225 splendideque
2060 1143 2258 1207 faeere
2282 1163 2396 1226 po·

125 1241 184 1293 1⁰
228 1226 440 1289 tuisse.
483 1227 830 1310 Eodemque
857 1228 1037 1291 modo
1066 1229 1141 1291 de
1170 1228 1487 1292 Aristotele
1516 1237 1577 1292 et
1602 1229 1861 1293 Isocrate
1887 1228 2108 1305 iudico,
2140 1247 2397 1311 quorum
2461 1256 2466 1261 ·
2532 1212 2536 1217 ¹

230 1321 485 1393 uterque
515 1331 625 1375 suo
653 1314 850 1376 studio
878 1315 1202 1377 delectatus
1243 1314 1606 1395 contempsit
1631 1313 1900 1377 alterum.

306 1468 351 1518 1.
402 1464 679 1517 dicendi-
705 1465 1021 1532 disputandi
1031 1484 1051 1515 .-
1098 1464 1263 1530 vergl.

230 1531 376 1585 Brut.
401 1535 484 1598 31,
514 1537 610 1587 ¹18
647 1533 789 1584 idem
825 1533 1068 1584 traducti
1100 1549 1134 1583 a
1159 1532 1265 1584 dis-

226 1601 482 1669 putando
520 1602 594 1653 ad
639 1601 926 1653 dicendum
962 1605 1149 1668 inopes
1181 1617 1267 1652 re·-

226 1672 542 1737 periantur.
590 1685 632 1722 s.
657 1669 692 1736 5
722 1672 817 1722 132
852 1669 953 1722 den
976 1669 1265 1736 Gegensatz

235 1738 502 1790 zwischen
569 1740 846 1790 contentio
912 1737 1020 1790 und
1073 1754 1267 1790 sermo.

236 1806 517 1875 disputare
561 1805 631 1858 ist
665 1805 756 1858 der
791 1805 1101 1871 eigentliche
1134 1804 1267 1859 Aus-

239 1874 403 1927 druck
422 1873 504 1926 fiir
535 1873 1049 1927 ‘wissenschaftliche
1063 1874 1268 1926 Erorte-

236 1942 714 2062 {ginatentspficht
733 1942 844 1995 also
862 1942 1006 1995 nicht
1028 1956 1266 1996 unserem

310 2026 336 2063 s
373 2026 409 2063 u
433 2024 558 2063 iren.

307 2026 372 2132 2?
377 2079 690 2130 Demetrius
700 2078 990 2130 Phalereus
1005 2092 1113 2131 war
1123 2078 1268 2130 mehr

239 2144 572 2200 Staatsmann
605 2145 711 2199 und
745 2144 949 2199 Redner
984 2145 1062 2198 als
1093 2144 1268 2198 Philo-

238 2215 388 2284 soph.
418 2215 499 2266 ‘Er
522 2214 827 2267 verwaltete
850 2212 1022 2267 Athen
1044 2214 1116 2266 im
1141 2212 1269 2267 Aus-

238 2287 387 2350 trage
406 2282 723 2337 Kassanders
762 2281 842 2336 01.
872 2287 988 2349 115,
1010 2286 1214 2348 4-118,
1234 2286 1266 2336 2

237 2353 546 2417 (317-307).
617 2350 789 2404 Durch
832 2350 1121 2405 Demetrius
1171 2350 1270 2404 Po·-

237 2419 488 2473 liorketes
540 2419 832 2472 vertriehen
881 2420 989 2473 ssoh
1035 2435 1091 2472 er
1136 2419 1269 2471 nach

236 2489 518 2557 Aegypten
552 2503 619 2540 zu
653 2486 981 2541 Ptolemaeus
1011 2486 1269 2542 Philadel-

236 2557 373 2623 phus
383 2556 491 2608 und
502 2556 643 2608 starh
657 2554 735 2609 01.
756 2558 868 2621 124,
882 2558 913 2608 2
923 2558 1084 2621 (283).
1121 2554 1264 2608 Brut.

237 2627 289 2687 9,
304 2627 367 2677 37
387 2623 678 2675 Phalereus
694 2654 733 2662 -
752 2627 1007 2676 successit
1027 2651 1065 2660 -
1087 2623 1268 2675 erudi-

237 2695 480 2743 tissimus
502 2691 598 2742 ille
621 2692 854 2758 quidem,
887 2692 982 2744 sed
1010 2707 1121 2743 non
1158 2697 1268 2743 tam

236 2763 409 2812 munis
451 2762 743 2811 institutus
786 2776 948 2827 quam
975 2760 1270 2826 palaestra,

235 2833 426 2895 itaque
449 2829 749 2888 delectabat
772 2832 950 2894 magis
969 2830 1270 2880 Athenien-

235 2914 319 2948 ses
332 2913 493 2963 quam
506 2898 895 2960 inflammabat.
933 2898 1272 2949 Processerat

237 2968 383 3017 enim
430 2969 492 3016 in
536 2965 700 3016 solem
746 2970 799 3015 et
836 2965 1115 3032 pulverem
1158 2981 1270 3016 non

235 3039 302 3085 ut
337 3051 366 3084 e
400 3034 640 3084 militari
672 3035 1038 3099 tabernaculo,
1080 3034 1175 3086 sed
1207 3038 1271 3085 ut

237 3119 267 3153 e
307 3101 669 3169 Theophrasti
703 3102 1004 3153 doctissimi
1037 3103 1271 3170 hominis

235 3170 587 3222 umbraculis.
616 3168 711 3222 Mit
728 3170 835 3222 ihm
851 3170 1139 3238 vergleicht
1157 3169 1269 3223 sich

238 3237 343 3290 Cic.
365 3237 496 3291 such
519 3237 583 3290 de
605 3237 707 3305 leg.
731 3237 794 3290 111
818 3242 868 3304 6,
891 3242 965 3292 14.

310 3308 360 3358 4.
403 3305 812 3373 Theophrastus,
831 3306 923 3359 der
939 3305 1154 3359 Schiiler
1166 3304 1272 3358 und

236 3373 556 3441 Nschfolger
599 3374 692 3427 des
730 3374 1054 3428 Aristoteles.
1124 3373 1270 3426 Brut.

237 3445 325 3506 31,
353 3444 449 3495 121
489 3444 612 3508 quis
643 3443 941 3497 Aristotele
973 3445 1271 3507 nervosios‘,

243 3509 616 3578 Theophrasto
652 3510 903 3566 dulcior?
969 3527 1044 3564 or.
1086 3513 1165 3577 19,
1194 3513 1268 3563 62

243 3576 646 3645 Theophrastus
678 3578 973 3634 divinitate
992 3611 997 3616 -
1014 3578 1270 3645 loquendi

234 3662 434 3700 nomen
470 3649 697 3699 invenit.

310 3718 358 3768 6.
396 3715 666 3780 Equidem
703 3720 827 3769 ceu:
868 3716 1047 3768 diesen
1085 3714 1273 3768 Zusatz

235 3783 415 3836 macht
429 3782 553 3847 Cic„
569 3782 731 3836 demit
749 3784 892 3837 scine
908 3783 1219 3850 Behauptun
1255 3815 1271 3848 ,

238 3866 296 3902 er
328 3851 466 3903 habe
501 3851 611 3904 sich
647 3850 803 3904 allein
837 3851 892 3903 in
926 3850 1114 3903 beiden
1147 3848 1228 3903 Sti
1248 3877 1273 3890 -

236 3923 530 3986 gattungen
567 3919 981 3986 ausgezeichnet,
1016 3917 1159 3972 nicht
1182 3932 1273 3974 an-

236 3986 484 4040 massend
518 3987 798 4041 erscheine.

328 4078 422 4123 Cic.
452 4078 510 4122 de
539 4078 722 4122 officiis.
777 4081 815 4122 5.
842 4079 955 4122 Aufl.

1354 1459 1359 1465 ’
1436 1468 1486 1516 si
1520 1465 1776 1517 voluisset
1809 1492 1854 1503 —
1929 1469 2142 1517 otuisse.
2216 1463 2273 1517 ln
2307 1465 2398 1518 der

1368 1533 1534 1585 oratio
1581 1535 1722 1585 recta
1770 1537 1884 1586 wfir
1920 1548 1949 1585 e
1997 1534 2178 1586 stehen
2223 1536 2273 1584 si
2307 1549 2398 1584 vo-

1369 1601 1557 1651 luisset
1583 1628 1625 1638 —-
1641 1604 1831 1667 potuit
1839 1640 1862 1667 ,.
1902 1602 2005 1654 wie
2038 1600 2216 1668 hfiufig
2263 1601 2397 1653 nach

1369 1669 1511 1721 einer
1548 1668 1625 1721 als
1660 1668 1806 1720 nicht
1827 1669 2067 1722 wirklich
2091 1683 2398 1737 ausgespro-

1369 1737 1568 1789 chenen
1580 1735 1889 1803 Bedingung
1905 1738 2150 1805 debebat,
2163 1738 2396 1803 decebat,

1360 1803 2395 1926 pogeageggggssgegggguigfflgyss

1356 1933 1672 2012 Ἕρμιππος·
1732 1935 1799 1991 δέ
1847 1957 2018 2010 φησιν
2074 1935 2399 1993 ἀδεσπότοις

1368 2003 1760 2092 ὕπομνήμαριν
1784 2009 2043 2094 ἐντυχεῖξι,
2080 2010 2141 2060 ἐν
2174 2006 2252 2060 οἷς
2284 2009 2397 2080 ἐγέ-

1367 2095 1595 2197 Ξὲαέἱὶἶ
1618 2075 2397 2198 ἦᾭῖἒίιῗὶῗΐῖἶεῗὲἴέἷξῖἑ

1370 2209 1495 2265 τοὺς
1543 2209 1731 2286 λογους
1768 2207 1815 2265 ὦ
1859 2208 2110 2279 ελῆσθαι.
2183 2212 2286 2265 Cic.
2324 2228 2396 2266 or.

1372 2286 1433 2348 4,
1475 2285 1537 2335 15
1585 2282 1732 2349 quod
1773 2285 1798 2333 i
1834 2298 1915 2333 em
1949 2282 2015 2333 de
2048 2282 2401 2334 Demosthene

1371 2353 1681 2404 eaeistimari
1688 2355 1889 2420 potest,
1908 2352 2063 2404 cuius
2071 2367 2144 2401 eoe
2156 2350 2401 2417 epistulis

1369 2419 1619 2485 intellegi
1630 2419 1772 2483 licet,
1787 2433 1948 2484 quam
1959 2417 2215 2484 frequens
2223 2417 2400 2480 fuerit

1370 2486 1618 2539 Platonis
1654 2487 1891 2537 auditor.
1942 2484 2115 2538 Wenn
2146 2486 2280 2539 auch
2313 2485 2398 2537 die

1371 2553 1545 2607 Briese
1563 2554 1656 2606 des
1667 2553 2055 2619 Demosthenes,
2073 2553 2273 2606 welche
2292 2554 2397 2607 Cic.

1371 2623 1580 2688 hesass,
1628 2622 1822 2674 ebenso
1866 2621 2059 2673 unficht
2102 2636 2277 2689 waren
2321 2622 2399 2674 als

1373 2690 1457 2743 die
1509 2705 1607 2742 uns
1660 2689 1959 2743 erhaltenen
1974 2728 1987 2754 ‚
2039 2703 2100 2740 so
2150 2689 2219 2741 ist
2264 2688 2399 2741 doch

1372 2758 1517 2811 diese
1551 2757 1830 2810 Nachricht
1871 2772 1936 2809 an
1973 2757 2082 2812 sich
2119 2756 2398 2823 glanblich.

1442 2828 1491 2880 9.
1538 2829 1925 2893 pronuntiare,
1958 2824 2069 2878 hies
2099 2825 2269 2893 gleich
2307 2842 2402 2877 οω-

1364 2911 1600 2962 ponere,
1646 2909 1935 2959 enarrare,
1981 2893 2066 2948 die
2108 2910 2214 2947 von
2248 2892 2400 2948 Plato

1373 2964 1594 3016 erlemte
1672 2962 2006 3029 Philosophie
2089 2962 2144 3014 in
2222 2962 2401 3018 seinen

1377 3030 1637 3085 Schriften
1672 3031 1943 3090 erlfiutern.
2319 3047 2328 3052 ’

1448 3103 1527 3153 10.
1546 3099 1614 3151 de
1628 3098 1945 3151 Aristotele.-
1964 3098 2028 3154 (le
2046 3097 2192 3151 or.111
2205 3100 2394 3162 35,141

1373 3168 1567 3234 ltaque
1583 3170 1698 3235 ipse
1714 3167 2048 3231 Aristoteles,
2066 3181 2188 3217 eum
2204 3168 2402 3228 florere

1373 3236 1665 3288 Isocratem
1698 3236 1985 3287 nobilitate
2013 3234 2399 3300 discipulorum

1344 3341 1347 3344 -
1375 3303 1602 3367 videret,
1616 3304 1762 3371 quod
1768 3302 2403 3368 illes-uas‘disputationes
2490 3344 2493 3347 .

1376 3388 1411 3422 a
1435 3374 1614 3424 causis
1645 3370 1952 3433 forensibus
1976 3374 2030 3421 et
2055 3371 2306 3424 civilibus
2330 3370 2403 3422 ad

1374 3444 1593 3493 inanem
1608 3443 1873 3492 sermonis
1888 3439 2212 3505 elegantiam
2224 3443 2403 3496 trans-

1375 3509 1600 3574 tulisset,
1617 3512 2087 3574 mutavitrepente
2103 3512 2272 3559 totam
2285 3504 2403 3567 for-

1371 3592 1516 3630 mam
1520 3592 1696 3644 prope
1705 3577 1874 3644 discip
1880 3576 2024 3627 linae
2030 3587 2162 3626 suae
2170 3589 2404 3626 vernem·

1374 3661 1478 3711 que
1524 3645 1790 3712 quendam
1836 3645 2171 3696 Philoctetae
2208 3642 2401 3709 paullo

1370 3730 1522 3765 secus
1556 3714 1722 3765 dixit.
1791 3712 1890 3768 Ille
1925 3714 2067 3766 enim
2104 3716 2264 3778 turpe
2296 3712 2404 3762 sibi

1373 3785 1457 3833 ait
1479 3798 1590 3833 esse
1611 3786 1806 3848 tacere,
1840 3796 1960 3834 cum
1996 3781 2281 3845 barbaros,
2316 3780 2405 3832 hic

1374 3855 1581 3915 autern,
1630 3866 1752 3901 eum
1787 3849 2078 3901 Isocratem
2116 3852 2405 3915 pateretur

1374 3919 1569 3970 dicere.
1639 3917 1744 3984 vgl.
1797 3932 1870 3969 or.
1913 3919 2001 3981 19,
2037 3918 2119 3969 62.
2191 3915 2345 3969 Tusc.
2381 3914 2403 3967 1

1371 3988 1434 4053 4,
1470 3989 1518 4039 7.
1599 3983 1700 4038 Der
1748 3984 1905 4052 Vers,
1950 3984 2051 4037 den
2092 3981 2402 4036 Aristoteles

1958 4071 1989 4121 3
