2813 4537
125 1247 186 1299 1⁰

832 298 918 353 DE
955 298 1216 354 omens
1251 298 1371 354 ΠΒ.
1405 299 1484 355 111.
1557 299 1698 356 cAP.
1732 304 1810 356 15.
2274 299 2393 366 211

239 470 429 554 ergo?
479 481 583 537 aut
623 473 684 535 in
728 492 819 548 eo,
872 492 1025 543 Quon
1070 493 1280 536 nemus
1321 492 1585 550 Asamus,
1628 483 1826 554 potest
1867 474 1983 537 ulla
2025 493 2164 558 pars
2203 476 2399 540 inesse

238 557 505 622 fraudis?
556 567 689 635 aut,
740 577 879 622 cum
922 558 1139 622 dicitur
1179 578 1354 622 mma
1397 577 1580 628 aomos
1623 579 1771 623 nsua
1814 578 1988 623 mma
2006 607 2020 636 ,
2077 560 2398 642 quicquam

237 645 332 727 agi
373 643 577 707 dolose
617 651 720 707 aut
758 644 1049 708 malitiose
1087 642 1327 725 potest?
1384 644 1572 708 Dolus
1613 654 1811 708 autem
1845 646 2034 708 malus
2062 646 2125 709 in
2155 646 2398 710 simula·

234 731 418 805 tione,
463 738 532 793 ut
574 730 655 792 ait
684 730 971 811 Aquilius,
1017 731 1381 793 continetur.
1444 730 1798 793 Tollendum
1843 741 1933 793 est
1975 730 2158 812 igitur
2199 750 2272 794 ex
2301 750 2398 793 re-

236 815 350 878 bus
379 815 802 878 contrahendis
832 834 1010 878 omne
1039 815 1434 880 mendacium.
1494 816 1628 879 Non
1659 816 2076 880 inlicitatorem
2103 817 2395 891 venditor,

238 920 362 964 non
396 900 497 981 qui
529 909 740 963 contra
770 921 834 964 se
864 901 1112 964 liceatur
1140 909 1376 982 emptor
1405 910 1686 984 apponet.
1745 901 2038 982 Uterque,
2083 901 2132 965 si
2162 903 2235 963 ad
2268 901 2392 966 elo-

236 987 539 1067 quendum
584 986 835 1063 venerit,
882 1005 1005 1049 non
1050 986 1186 1068 plus
1230 1004 1409 1067 quam
1449 987 1631 1050 semel
1661 988 1994 1068 eloquetur.
2054 986 2124 1059 Q.
2157 986 2395 1068 quidem
2437 994 2500 1052 62

235 1071 514 1135 Scaevola
534 1071 599 1132 P.
627 1071 691 1133 F.
723 1091 862 1134 cum
888 1071 1245 1153 postulasset
1274 1080 1341 1134 ut
1369 1071 1484 1135 sihi
1513 1073 1752 1148 fundus,
1782 1072 1953 1136 cuius
1982 1080 2219 1153 emptor
2247 1080 2390 1147 erat,

233 1159 416 1220 semel
459 1156 822 1220 indicaretur
866 1157 1046 1237 idque
1089 1157 1362 1219 venditor
1394 1158 1477 1221 ita
1507 1157 1761 1234 fecisset,
1806 1158 1953 1220 dixit
1981 1176 2045 1220 se
2072 1158 2263 1238 pluris
2292 1176 2391 1219 ae-

230 1253 522 1307 stumare:
576 1242 798 1305 addidit
846 1251 1088 1308 centum
1137 1241 1314 1305 milia.
1395 1243 1583 1306 Nemo
1636 1251 1727 1306 est
1776 1244 1879 1324 qui
1927 1244 2042 1305 hoc
2092 1243 2202 1306 viri
2246 1242 2396 1305 honi

232 1329 414 1392 fuisse
444 1335 654 1409 neget:
685 1328 968 1408 sapientis
996 1335 1236 1409 negant,
1267 1337 1335 1391 ut
1363 1329 1414 1393 si
1442 1328 1693 1392 minoris
1722 1346 1899 1409 quam
1928 1328 2221 1409 potuisset
2248 1346 2392 1391 ven·

232 1413 492 1477 didisset.
565 1413 725 1477 Haec
768 1415 951 1496 igitur
992 1423 1083 1477 est
1126 1414 1222 1476 illa
1265 1414 1582 1495 pernicies,
1622 1415 1780 1495 quod
1817 1413 1966 1476 alios
1990 1413 2204 1488 bonos,
2248 1411 2393 1475 alios

231 1499 529 1580 sapientes
552 1499 907 1563 existimant.
967 1499 1056 1561 Ex
1082 1519 1202 1580 quo
1225 1499 1490 1564 Ennius:
1523 1499 1904 1580 ‘nequiquam
1924 1517 2132 1580 sapere
2154 1498 2392 1579 sapien·

230 1593 370 1659 tem,
403 1583 505 1665 qui
534 1585 662 1665 ipse
692 1585 806 1648 sihi
835 1586 1120 1666 prodesse
1150 1604 1276 1649 non
1308 1585 1540 1667 quiret.'
1606 1584 1757 1647 Vere
1787 1585 1847 1646 id
1878 1584 2135 1664 quidem,
2166 1583 2218 1647 si
2248 1582 2390 1664 quid

227 1676 384 1733 esset
414 1669 735 1751 ‘prodesse'
762 1670 908 1732 mihi
938 1689 1077 1732 cum
1097 1668 1298 1732 Ennio
1329 1670 1696 1733 conveniret.
1754 1669 2122 1732 Hecatonem
2152 1669 2393 1749 quidem
2433 1674 2496 1729 68

227 1754 544 1832 Rhodium,
586 1754 943 1836 discipulum
972 1754 1256 1832 Panaetii,
1295 1755 1463 1818 video
1494 1754 1558 1817 in
1604 1754 1674 1816 iis
1716 1753 1901 1828 libris,
1947 1773 2098 1834 quos
2140 1754 2213 1818 de
2258 1754 2390 1814 offi-

229 1841 323 1903 cio
344 1835 587 1921 scripsit
607 1840 677 1912 Q.
702 1840 1028 1917 Tuberoni,
1060 1839 1255 1902 dicere
1287 1839 1592 1921 ‘sapientis
1614 1858 1743 1902 esse
1766 1839 1915 1901 nihil
1938 1846 2146 1901 contra
2173 1856 2390 1914 mores,

227 2010 282 2062 in
346 2007 611 2075 ruhigerer
661 2006 775 2060 Zeit
831 2005 1257 2060 zuruckerhalten
1362 2005 1452 2059 vn
1483 2010 1515 2062 6
1553 2006 1689 2060 sieht
1721 2022 1840 2059 man
1892 2005 2011 2059 dass
2047 2005 2138 2059 der
2171 2003 2300 2058 Vers
2335 2005 2391 2058 in

229 2075 400 2130 sollte.
1361 2075 1453 2128 der
1485 2073 1668 2128 Medea
1704 2045 1857 2128 stand
1907 2074 2012 2128 und
2061 2090 2119 2127 so
2161 2074 2385 2127 lautete:

295 2149 361 2195 ut
392 2147 537 2195 inter
572 2146 765 2207 bonos,
813 2142 861 2197 d.
899 2143 932 2197 i.
985 2149 1257 2212 tamquam
1361 2146 1458 2211 qui
1491 2142 1604 2213 ipse
1636 2146 1742 2196 sibi
1773 2140 1986 2211 sapiens
1999 2142 2257 2210 prodesse
2278 2141 2390 2193 ηόπ

224 2215 369 2265 inter
404 2214 598 2276 bonos,-
636 2227 678 2266 s.
715 2210 750 2279 θ
773 2213 854 2265 70.
1361 2215 1497 2283 quit,
1530 2208 1855 2280 nequiqudm
1888 2228 1915 2263 s
1987 2214 2049 2280 it,
2084 2210 2199 2263 eine
2222 2209 2391 2263 Nach-

298 2285 347 2336 5.
405 2278 531 2332 Non
566 2280 953 2332 inlicitatorem
988 2282 1256 2349 venditor,
1360 2282 1588 2367 ahmung
1621 2297 1725 2335 von
1749 2280 1923 2350 Euripi
1961 2295 2017 2333 es
2049 2278 2201 2347 μισῶ
2236 2295 2387 2349 σοφι-

225 2364 338 2401 non
351 2351 451 2400 cet.
488 2345 662 2401 Sowie
679 2346 769 2399 der
778 2348 1086 2402 inlicitator
1096 2349 1255 2402 durch
1360 2345 1517 2416 στῆν,
1551 2363 1699 2403 ouras
1732 2343 1830 2414 οὐχ
1865 2342 1968 2401 αὖτ
1989 2347 2014 2361 ”
2053 2341 2233 2417 σοφός.

225 2417 341 2471 sein
358 2414 541 2468 Bleten
577 2414 732 2468 andro
757 2430 874 2468 zum
891 2413 1074 2469 Bieten
1099 2432 1255 2470 anzu-
1429 2421 1510 2473 15.
1548 2418 1780 2470 Hecate.-
1814 2432 1854 2470 s.
1891 2432 1934 2471 z.
2033 2418 2113 2469 89.

223 2486 398 2539 reizen
422 2483 574 2537 sucht
607 2481 713 2536 und
735 2483 1104 2550 nothigenfalls
1138 2484 1254 2538 eine
1437 2488 1511 2540 16.
1531 2485 1597 2537 ds
1614 2484 1818 2548 officio.
1854 2483 1925 2537 So
1944 2483 2114 2537 haben
2133 2482 2216 2536 die
2233 2481 2383 2536 Hdss.

225 2570 291 2607 zu
325 2552 525 2619 niedrig
556 2566 607 2603 w
712 2550 910 2605 ehende
935 2550 1101 2605 Saehe
1137 2552 1253 2606 dem
1428 2554 1494 2607 89
1528 2553 1792 2606 ubersetzt
1827 2552 1932 2608 Cic.
1968 2551 2068 2605 den
2102 2549 2240 2604 Titel
2280 2566 2386 2604 von

224 2620 458 2674 Besitzer
493 2623 649 2673 zurflc
689 2619 883 2673 ersteht
930 2621 994 2686 (s.
1029 2620 1096 2673 ad
1130 2620 1250 2675 fam.
1400 2624 1579 2675 ecatos
1614 2619 1758 2674 Buch
1793 2620 1888 2673 mit
1923 2620 1989 2673 de
2014 2618 2236 2683 officiis,
2269 2617 2386 2673 dem

225 2688 314 2741 Vll
338 2691 476 2755 2,1),
512 2704 571 2741 so
608 2687 762 2741 sucht
795 2688 885 2741 der
918 2703 1038 2741 vom
1064 2687 1255 2742 Kiufer
1356 2688 1496 2742 Titel
1550 2689 1719 2741 seines
1747 2687 1941 2741 -Buchs
1993 2691 2109 2740 ents
2146 2685 2385 2740 rechend.

223 2757 485 2822 bestente,
521 2756 611 2810 der
645 2756 915 2809 scheinbar
953 2756 1031 2810 als
1067 2756 1253 2811 dessen
1356 2756 1499 2810 Doch
1535 2773 1578 2811 s.
1614 2756 1697 2810 die
1732 2757 1787 2809 in
1822 2756 1913 2810 der
1945 2754 2076 2808 Einl.
2100 2702 2195 2875 {¹¹3
2231 2768 2386 2821 ange·

225 2825 428 2892 Gegner
446 2824 662 2890 austritt,
689 2824 846 2878 daher
862 2830 1054 2878 annm
1074 2826 1254 2891 licem,
1357 2825 1529 2879 ffihrte
1565 2823 1729 2878 Stelle
1771 2824 1837 2878 ad
1869 2824 2026 2878 Attio.
2061 2822 2109 2875 X
2215 2825 2297 2878 14.

224 2893 384 2946 durch
421 2893 529 2946 sein
549 2891 732 2946 Bieteu
769 2894 1033 2948 entweder
1064 2894 1253 2947 andere
1431 2897 1509 2949 17.
1549 2894 1608 2959 Q.
1629 2894 1816 2946 Aelim
1844 2892 2053 2946 Tubero
2090 2906 2197 2945 war
2231 2890 2384 2943 Prae-

223 2960 639 3015 abzuschrecken
659 2960 783 3014 oder
799 2961 938 3015 heim
952 2961 1090 3016 Kauf
1101 2966 1252 3016 unter
1356 2968 1438 3015 tor
1473 2963 1542 3015 im
1591 2960 1640 3015 J.
1677 2964 1772 3016 631
1811 2961 1979 3028 (123),
2032 2958 2282 3013 nachdem
2329 2974 2385 3013 er

221 3029 314 3082 der
347 3027 492 3083 Hand
537 3028 696 3083 durch
730 3029 1045 3099 niedrigeres
1082 3029 1253 3084 Gehot
1356 3031 1520 3084 sehon
1572 3030 1759 3084 einmal
1806 3030 1892 3083 bei
1934 3028 2024 3082 der
2057 3027 2385 3094 Bewerbung

221 3097 306 3151 die
358 3096 728 3165 Erwartungen
789 3097 880 3152 des
937 3098 1252 3153 Verkiufers
1355 3098 1738 3166 durchgefallen
1755 3113 1879 3161 war,
1896 3096 2019 3150 weil
2030 3112 2086 3150 er
2098 3096 2208 3150 sich
2222 3095 2384 3151 durch

218 3164 698 3220 herabzusttmmen.
1031 3235 1042 3248 ·
1353 3167 1715 3249 uber-trieben?
1751 3164 2102 3247 Sparsamlteit
2145 3163 2230 3216 bei
2265 3162 2384 3242 dem

220 3238 381 3356 ⁸131..
393 3240 721 3380 “fffflsssszte
763 3235 1248 3368 ..5²²51’2'Suf't'2n9‘122
1351 3235 2123 3370 &Syhffigfissssffllffiiss‘ilff
2141 3230 2382 3352 3333&

220 3367 534 3423 namentlich
570 3383 623 3420 m
658 3367 747 3421 der
770 3367 1055 3424 Redensart
1092 3387 1249 3424 aecu-
1386 3372 1591 3425 emacht
1624 3371 1799 3433 hatte3
1837 3386 1930 3438 pro
1964 3368 2093 3422 Mur.
2132 3370 2216 3434 36,
2252 3370 2317 3425 75
2344 3366 2382 3419 f.

217 3443 453 3491 satorem
487 3451 758 3504 apponet-o
793 3436 982 3504 hiuflg.
1032 3436 1177 3492 Verr.
1201 3438 1249 3491 V
1350 3386 1419 3492 ἦι-
1465 3454 1574 3513 war
1620 3438 1713 3491 mit
1754 3437 2030 3492 Panaetius
2077 3434 2383 3490 befreuudet

218 3509 305 3573 41,
332 3508 428 3560 108
462 3507 756 3573 apponitur
791 3508 869 3557 eis
893 3510 1069 3558 tamen
1092 3522 1250 3559 acma-
1352 3507 1459 3561 und
1494 3507 1573 3561 als
1598 3506 1804 3574 cirriger
1825 3506 2101 3572 Anhanger
2138 3503 2227 3558 der
2251 3502 2379 3557 Stoa

217 3580 369 3629 sator
386 3572 625 3627 Naevius
649 3571 868 3658 Turpio.
903 3574 972 3628 ib.
994 3573 1061 3626 lv
1085 3576 1164 3640 19,
1180 3578 1249 3630 40
1351 3575 1607 3638 bekannt3
1646 3573 1785 3629 Brut.
1806 3578 1890 3641 31,
1914 3577 2005 3628 117
2037 3575 2152 3657 vita
2168 3587 2383 3656 severus

218 3642 607 3778 ‘mma
573 3644 1250 3778 matssfsszmsssszz'ffl:
1351 3650 1763 3779 &mm
1792 3639 2381 3779 530⁰?ssssssssssss

216 3792 391 3847 mung-
626 3849 639 3865 .
1372 3780 1459 3862 hm
1493 3780 1637 3834 hatte
1660 3778 1864 3865 ’Hecate
1900 3779 2044 3833 seine
2065 3776 2258 3831 Solu-ist
2293 3775 2380 3829 de-

215 3933 261 3970 z.
287 3851 335 3968 ‘l
352 3846 701 3984 §Ol-lyam
736 3847 997 3901 scamma
1043 3850 1097 3901 R
1146 3847 1210 3902 Ρ.
1226 3866 1246 3899 ²
1350 3847 1499 3970 (herm
1528 3846 2235 3969 mpffgesswfiffirt
2269 3912 2380 3966 sich

288 3985 368 4040 13.
422 3983 650 4049 Ennius.
719 3987 827 4039 Ans
864 4000 947 4054 ep.
983 3983 1048 4038 ad
1084 3984 1246 4039 famil.
1348 4000 1446 4039 nur
1505 3999 1727 4053 agegen,
1764 3983 1884 4038 dass
1907 3978 2379 4102 diese*Vorschrift,

1966 4071 2028 4122 14
