2813 4537
139 1230 195 1282 to

139 1655 195 1706 15

797 280 882 333 DE
919 265 1180 344 oramus
1217 280 1336 338 us.
1366 283 1403 337 1.
1460 283 1716 339 cAP.2·1.
1756 286 1839 339 28.

2323 280 2401 345 85

241 453 384 515 huic
413 450 764 527 subiectum,
795 453 956 535 quod
985 454 1246 536 pertinet
1274 455 1348 517 ad
1377 454 1641 535 singulas
1669 464 1870 538 partes
1897 457 2239 521 honestatis.
2299 460 2404 526 At.-

244 556 362 619 que
391 537 538 600 illud
566 539 842 620 superius
874 539 960 601 sic
1002 540 1127 602 fere
1155 540 1388 603 definiri
1431 541 1582 603 solet
1611 541 1914 605 ‘decorum
1943 544 2004 605 id
2033 562 2195 620 esse,
2233 538 2404 625 'quod

243 632 712 694 consentaneum
742 625 820 686 sit
845 624 1106 687 hominis
1136 625 1515 688 excellentiae
1544 626 1608 688 in
1640 646 1743 701 eo,
1792 627 1855 691 in
1887 647 2006 710 quo
2037 637 2247 691 natura
2278 630 2405 692 eius

242 729 275 771 a
305 709 554 790 reliquis
594 710 994 772 animantibus
1035 709 1300 774 differat'.
1360 710 1524 782 Quae
1567 719 1767 774 autem
1811 732 1947 794 pars
1990 714 2254 777 subiecta
2300 734 2403 794 ge-

240 794 372 857 neri
402 803 526 870 est,
574 813 704 857 eam
733 796 819 859 sic
849 795 1177 873 definiunt,
1208 805 1276 859 ut
1307 797 1389 859 ‘id
1417 797 1701 860 decorum
1729 798 1920 863 velint.
1941 818 2103 874 esse,
2136 800 2405 879 quodita

243 889 488 943 naturae
518 888 985 944 consentaneum
1015 883 1117 958 sit,
1151 890 1216 945 ut
1243 883 1307 944 in
1338 901 1417 944 eo·
1439 883 1761 945 moderatio
1794 892 1853 946 et
1881 885 2267 966 temperantia
2297 903 2403 965 ap-

242 974 446 1048 pareat
473 983 612 1029 cum
641 966 841 1048 specie
871 968 1122 1049 quadam
1162 966 1429 1030 liberali'.
1488 967 1648 1031 Haec
1667 969 1754 1040 ‚ita
1793 969 2056 1049 intellegi
2085 988 2403 1052 possumus
2431 972 2509 1031 28

243 1051 580 1113 existimare
608 1070 680 1114 ex
712 1071 782 1114 eo
807 1053 1044 1129 decoro,
1075 1054 1232 1133 quod
1255 1061 1854 1135 poetaesequuntur,
1886 1056 1960 1116 de
1983 1073 2102 1135 quo
2127 1055 2243 1116 alio
2271 1055 2405 1117 loco
2449 1064 2509 1114 97

242 1137 415 1219 plura
457 1136 573 1199 dici
614 1137 826 1204 solent.
908 1138 1024 1200 Sed
1068 1146 1195 1200 tum
1239 1157 1470 1201 servare
1513 1138 1658 1201 illud
1703 1152 1936 1221 poetas,
1984 1141 2141 1220 quod
2182 1141 2405 1214 deceat,

241 1222 526 1298 dicimus,
570 1240 710 1285 cum
737 1223 830 1299 id,
874 1224 1033 1303 quod
1063 1242 1298 1305 quaque
1326 1242 1586 1306 persona
1614 1224 1860 1304 dignum
1892 1234 2014 1299 est,
2046 1235 2105 1288 et
2132 1227 2197 1287 fit
2229 1233 2289 1287 et
2318 1225 2407 1287 di-

242 1308 419 1383 citur,
448 1317 516 1369 ut
544 1308 594 1370 si
624 1308 852 1381 Aeacus
882 1317 985 1371 aut
1012 1308 1208 1372 Minos
1236 1309 1490 1372 diceret:

413 1391 676 1486 Oderint,
713 1395 851 1456 dum
880 1395 1159 1467 metuant,

236 1486 367 1541 aut:
883 1512 888 1517 ·

1232 1568 1389 1628 natis
1418 1565 1716 1647 sepulchro
1748 1569 1866 1646 ipse
1895 1567 1978 1626 est
1997 1584 2233 1646 parens,

241 1649 591 1720 indecorum
623 1648 946 1724 videretur,
978 1650 1138 1730 quod
1170 1669 1273 1712 eos
1302 1649 1484 1714 fuisse
1513 1650 1702 1712 iustos
1730 1650 2099 1732 accepimus:
2137 1658 2198 1712 at
2225 1651 2405 1712 Atreo

242 1733 476 1808 dicente
505 1733 748 1816 plausus
776 1734 1139 1798 excitantur:
1183 1743 1277 1797 est
1307 1736 1466 1798 enim
1509 1735 1687 1814 digna
1735 1753 1990 1816 persona
2019 1734 2228 1796 oratio.
2291 1735 2407 1797 Sed

241 1827 451 1908 poetae
481 1819 622 1900 quid
646 1837 945 1901 quemque
973 1820 1179 1883 deceat
1206 1840 1278 1883 ex
1295 1839 1552 1904 persona
1580 1819 1946 1884 iudicabunt.
1995 1818 2181 1882 Nobis
2208 1827 2409 1882 autem
2477 1875 2488 1884 .

240 1923 559 1987 personam
588 1905 873 1986 imposuit
911 1904 1039 1988 ipsa
1071 1913 1280 1969 natura
1310 1925 1526 1986 magna
1555 1924 1691 1968 cum
1723 1904 2068 1969 excellentia
2097 1912 2406 1986 praestan·
2549 1964 2555 1969 .

241 1991 440 2071 tiaque
470 1991 856 2053 animantium
886 1989 1269 2076 reliquarum.
1327 1991 1616 2063 Quocirca
1648 1999 1858 2072 poetae
1886 1991 1950 2052 in
1979 2008 2196 2069 magna
2223 1990 2408 2053 varie·
2450 1997 2511 2049 98

287 2122 491 2198 ροσῦνη
544 2125 697 2178 keine
744 2125 845 2177 alle
881 2124 1064 2177 Theile
1108 2125 1276 2178 dieser

243 2194 488 2317 hutgendl
524 2194 853 2315 uffzssendg
912 2191 1276 2317 Βὲιοιίοὶιωὲιές

280 2279 350 2316 a.
406 2279 437 2314 v
496 2304 509 2317 .
592 2278 779 2315 mroS.
851 2277 1004 2316 eo.
1095 2280 1138 2316 c.
1261 2284 1274 2315 ι

242 2333 347 2384 Est
395 2277 570 2397 iggitur
622 2333 873 2383 decorum
927 2332 1074 2398 quod
1115 2347 1278 2398 prae·

242 2404 428 2466 minet,
476 2403 630 2451 euius
677 2399 870 2450 divisio
908 2402 1132 2465 gemina
1184 2404 1276 2452 eet.

244 2468 389 2521 Nam
423 2473 503 2519 est
534 2468 789 2520 decorum
826 2473 983 2533 quasi
1004 2468 1278 2534 generale,

247 2537 395 2604 quod
430 2552 531 2603 per
577 2538 985 2588 universitatem
1037 2535 1280 2587 tenditur

246 2607 545 2657 honestatis
580 2610 634 2656 et
668 2607 827 2671 quasi
862 2608 974 2656 toto
999 2608 1280 2670 spectatur

248 2689 492 2741 corpore,
529 2679 608 2725 est
638 2676 802 2725 etiam
835 2672 1096 2740 speciale,
1135 2673 1290 2738 quod.

248 2759 309 2794 m
317 2742 735 2864 ἶῗέἷοξιιιιέιαιξί
749 2746 1074 2862 {sy-liget’lliese
1085 2807 1278 2861 Defini-

246 2881 356 2932 tion
391 2882 538 2945 passt
572 2878 705 2931 nach
739 2893 783 2931 e.
810 2881 859 2944 4,
886 2878 950 2930 de
974 2876 1064 2931 fin.
1089 2876 1151 2930 111
1174 2894 1217 2931 c.
1244 2881 1276 2931 6

243 2947 372 3014 (νεὶ.
397 2947 530 3000 Einl.
557 2947 591 3014 5
616 2949 699 3013 13)
735 2946 826 2999 auf
856 2947 949 2999 das
976 2948 1280 3001 honestum.

244 3015 316 3068 Es
351 3015 422 3068 ist
455 3015 566 3069 also
616 3015 759 3069 darin
808 3015 897 3068 der
940 3014 1282 3068 Unterschied

244 3083 647 3147 zwischendem
665 3082 939 3137 Sittlichen
961 3098 1029 3137 an
1048 3083 1160 3136 sich
1177 3083 1285 3136 und

246 3152 338 3205 der
371 3152 480 3205 ihm
515 3151 987 3219 cigenthiimlichen
1037 3153 1284 3205 {iusseren

243 3220 616 3287 ErseheInung,
651 3220 769 3272 dem
792 3221 1062 3286 docorum,
1102 3234 1284 3275 ausser

244 3289 384 3341 Acht
418 3288 676 3354 gelassen.

253 3425 287 3492 5
318 3360 366 3410 5.
412 3355 705 3421 definiunt,
738 3361 865 3407 ut—
892 3355 1088 3407 velint.-
1122 3356 1228 3423 vgl.
1266 3356 1288 3407 Ι

329 3496 375 3545 ’7.
413 3507 535 3544 cum
568 3494 744 3559 speeie
778 3508 827 3558 q.
864 3491 982 3555 lib„
1017 3490 1112 3541 mit
1146 3491 1287 3543 einer

255 3561 517 3628 gewissen
551 3560 886 3627 anmuthigen
923 3560 1164 3613 ausseren
1197 3559 1289 3610 Er-

251 3629 556 3696 scheinung.
606 3628 662 3681 ln
682 3628 798 3682 dem
818 3627 1007 3681 Zusatz
1026 3626 1154 3694 liegt
1174 3627 1284 3680 also

254 3697 348 3750 das
394 3696 851 3751 unterscheidende
885 3693 1136 3748 Merkmal
1181 3711 1285 3748 von

254 3765 345 3818 der
381 3770 739 3833 temperantia
777 3764 956 3818 selbst.

330 3837 377 3888 8.
416 3834 527 3887 alio
555 3834 705 3886 loeo.-
739 3834 792 3886 in
811 3833 913 3886 den
929 3830 1289 3884 Lehrbiichern

253 3904 346 3956 der
383 3901 635 3955 Rhetorik
678 3902 782 3956 und
817 3899 1144 3954 Dichtkunst.
1218 3898 1288 3952 So

255 3971 401 4025 stellt
431 3970 533 4023 Cic.
563 3987 634 4024 or.
662 3973 745 4035 2¹,
764 3974 826 4023 71
862 3970 942 4022 fiir
967 3968 1066 4022 den
1086 3966 1290 4021 Redner

1378 2125 1462 2177 die
1499 2124 1789 2177 Vorschrift
1834 2124 1945 2176 auf:
2004 2139 2314 2191 semperque
2348 2128 2409 2175 in

1379 2196 1529 2244 omni
1548 2198 1707 2260 parte
1731 2195 2001 2244 orationis
2022 2198 2087 2244 ut
2107 2193 2253 2244 vitae
2276 2194 2412 2260 quid

1379 2262 1566 2315 deceat
1586 2266 1665 2313 est
1689 2261 2155 2327 considerandum,
2192 2261 2338 2328 quod
2358 2266 2413 2313 et

1377 2334 1439 2382 in
1472 2347 1537 2382 re
1570 2331 1635 2382 de
1670 2346 1778 2396 qua
1813 2333 2005 2396 agitur
2039 2333 2280 2397 positum
2315 2335 2410 2396 est,

1379 2404 1434 2450 et
1453 2402 1513 2450 in
1526 2402 1775 2465 personis
1792 2404 1847 2450 et
1863 2413 2065 2463 eorum,
2090 2401 2185 2464 qui
2202 2400 2409 2462 dieunt,

1379 2472 1433 2518 et
1466 2481 1653 2519 eorum
1667 2506 1680 2532 ‚
1724 2469 1820 2533 qui
1855 2467 2103 2518 audiunt.

1455 2538 1533 2588 12.
1576 2535 1827 2599 Oderint,
1863 2534 1991 2585 dum
2025 2539 2149 2585 met.
2184 2561 2226 2570 -
2263 2537 2410 2585 natis

1378 2603 1661 2671 sepulchro
1677 2605 1777 2657 cet.
1812 2600 1972 2653 Beide
1985 2599 2148 2653 Verse
2166 2600 2280 2653 sind
2298 2616 2412 2653 ver-

1379 2671 1634 2724 muthlich
1670 2686 1765 2723 aus
1799 2669 1889 2722 der
1922 2668 2179 2736 Tragodie
2221 2669 2409 2722 Atreus

1380 2740 1473 2792 des
1496 2740 1686 2792 Attius.
1734 2736 1971 2790 Ribbeck
2005 2741 2135 2804 trag.
2171 2737 2281 2792 Lat.
2316 2736 2409 2789 rel.

1378 2825 1431 2876 p.
1456 2810 1553 2861 136
1572 2824 1621 2861 u.
1647 2809 1761 2861 139.
1799 2805 1997 2859 Seneca
2021 2806 2086 2858 de
2109 2805 2185 2858 ira
2214 2805 2236 2856 Ι
2273 2807 2357 2872 20,
2376 2809 2410 2859 4

1380 2877 1570 2943 qualis,
1604 2876 1756 2942 (vox)
1807 2875 1905 2927 illa
1932 2875 2079 2927 dira
2128 2880 2181 2926 et
2211 2876 2413 2926 abomi-

1386 2946 1599 2999 nanda.-
1672 2944 1897 2996 Oderint
1966 2943 2094 2994 dum
2152 2945 2415 2995 metuant.

1386 3013 1613 3066 Sullano
1668 3017 1808 3065 scias
1863 3011 2080 3064 saeculo
2136 3014 2414 3077 scriptam.

1385 3080 1486 3134 Der
1532 3080 1720 3134 andere
1762 3078 1893 3133 Vers
1936 3077 2145 3132 bezieht
2179 3079 2289 3131 sich
2325 3077 2418 3130 auf
2509 3126 2520 3133 ,

1386 3149 1670 3218 ThyesteS,
1706 3148 1823 3200 dem
1845 3148 2033 3200 Atreus
2058 3146 2201 3199 seine
2225 3145 2416 3198 Kinder

1386 3233 1505 3271 zum
1530 3215 1709 3269 -Mahle
1744 3218 2043 3282 vorgesetzt
2075 3213 2235 3267 hatte.
2380 3217 2384 3221 ’

1459 3287 1539 3339 18.
1576 3299 1698 3336 eum
1731 3283 1919 3335 excell.
1955 3311 1998 3321 —-
2036 3283 2414 3348 animantium,

1388 3354 1437 3406 d.
1474 3354 1509 3409 i.
1546 3368 1663 3404 eam
1690 3366 2010 3418 personam,
2045 3366 2154 3418 qua
2188 3350 2417 3403 eoeeella-

1388 3439 1507 3475 mus
1544 3421 1869 3474 animalibus
1901 3420 2000 3472 rel.
2053 3421 2415 3472 animantium

1389 3492 1459 3544 ist
1495 3491 1578 3544 ein
1615 3489 1822 3542 freierer
1856 3487 2125 3541 Gebrauch
2160 3487 2253 3540 des
2289 3487 2414 3540 Gen.

1388 3560 1599 3626 object„
1625 3557 1727 3610 wie
1744 3573 1800 3610 er
1816 3557 1927 3610 sich
1944 3555 2076 3609 auch
2100 3555 2184 3608 bei
2204 3554 2417 3607 Verbal-

1389 3627 1750 3681 substantiven
1771 3624 1934 3678 findet
1956 3640 2060 3678 von
2084 3622 2308 3689 Verben,
2333 3623 2416 3676 die

1392 3695 1579 3749 keinen
1604 3695 1789 3748 Aecus.
1827 3694 1920 3746 des
1945 3692 2157 3758 Objects
2190 3691 2276 3744 bei
2306 3691 2417 3744 sich

1391 3764 1577 3817 haben.
1647 3762 1758 3831 vgl.
1795 3761 1910 3828 §87
1950 3763 2218 3813 eontentio
2254 3762 2419 3812 hono-
2486 3818 2498 3827 ᾖ

1391 3848 1531 3884 rum.
1595 3831 1637 3883 11
1671 3830 1705 3898 ᾗ
1742 3832 1806 3884 58
1844 3829 2151 3882 consulatus
2182 3829 2416 3896 repulsa.

1391 3900 1455 3952 111
1493 3902 1525 3964 ἦ
1567 3901 1663 3953 100
1712 3901 1800 3949 ius
1833 3897 2131 3950 iurandum
2169 3899 2417 3948 hostium.

1467 3970 1544 4022 19.
1618 3967 1883 4031 Quocirca
1913 3971 2122 4033 poetae.
2189 3964 2288 4017 Der
2322 3963 2419 4016 Ge·
