2813 4537
868 300 953 354 DE
990 299 1251 354 OFFIGIIS
1284 300 1404 354 ΗΒ.
1424 300 1501 355 111.
1556 300 1801 360 cAP.10.

2286 300 2401 361 201

255 492 370 554 qua
401 472 549 533 nihil
578 473 809 534 homini
839 473 999 534 dedit
1027 474 1174 536 deus
1201 474 1331 553 ipse
1352 473 1625 535 divinius.
1698 473 1932 553 Itaque,
1977 475 2348 556 praeclarum
2380 495 2412 537 a

251 557 577 620 maioribus
606 558 944 638 accepimus
986 577 1214 620 morem
1260 559 1510 639 rogandi
1539 559 1749 620 iudicis
1766 605 1781 634 ‚
1814 559 1864 620 si
1893 578 2030 620 eum
2052 568 2411 633 teneremus,

257 663 431 713 QUAE
460 662 663 705 sALvA
694 663 853 705 FlnE
882 663 1145 705 FACERE
1175 663 1427 706 Possrr.
1482 641 1641 705 Haec
1671 644 1902 724 rogatio
1932 646 2004 705 ad
2034 664 2102 707 ea
2130 647 2412 726 pertinet,

258 748 408 809 quae
436 729 636 809 paullo
667 737 803 791 ante
832 730 952 791 dixi
980 731 1230 792 honeste
1253 729 1444 791 amico
1468 749 1502 791 a
1522 730 1716 791 iudice
1738 749 1915 810 posse
1939 731 2204 792 concedi.
2264 731 2412 792 Nam

186 825 224 877 ὅ
255 815 304 877 si
336 815 535 877 omnia
563 814 832 877 facienda
861 815 1000 891 sint,
1023 834 1173 894 quae
1205 815 1377 877 amici
1406 816 1607 891 velint,
1638 834 1762 877 non
1794 815 2083 877 amicitiae
2112 817 2278 892 taleS,
2310 818 2413 878 sed

257 900 702 962 coniurationes
758 901 1055 981 putandae
1116 901 1254 962 sint.
1332 901 1577 982 Loquor
1626 910 1823 962 autem
1875 902 1947 962 de
1998 902 2418 963 communibus
2457 913 2517 964 45

257 985 556 1048 amicitiis:
604 1004 745 1048 nam
771 986 835 1047 in
866 986 1233 1066 sapientibus
1260 986 1398 1049 viris
1428 987 1825 1067 perfectisque
1867 986 2015 1048 nihil
2058 994 2257 1066 potest
2286 1006 2413 1048 esse

253 1072 390 1132 tale.
450 1072 780 1133 Damonem
811 1079 871 1133 et
897 1071 1194 1134 Phintiam
1225 1072 1625 1152 Pythagoreos
1653 1073 1856 1133 ferunt
1884 1072 1997 1132 hoc
2027 1072 2227 1133 animo
2258 1072 2418 1133 inter

258 1175 323 1219 se
350 1156 563 1232 fuisse,
608 1166 706 1232 ut,
753 1175 890 1218 cum
936 1175 1144 1218 eorum
1190 1157 1357 1218 alteri
1386 1157 1704 1237 Dionysius
1745 1166 2037 1238 tyrannus
2063 1157 2221 1217 diem
2250 1157 2415 1219 necis

154 1249 213 1303 10
259 1241 669 1304 destinavisset
714 1250 773 1303 et
816 1243 897 1317 is,
957 1242 1058 1321 qui
1101 1242 1282 1303 morti
1326 1243 1592 1303 addictus
1633 1250 1820 1317 esset,
1866 1260 2089 1321 paucos
2134 1241 2246 1304 sibi
2290 1243 2416 1304 dies

259 1329 868 1389 commendandorum
924 1345 1172 1389 suorum
1231 1345 1408 1389 causa
1457 1327 1899 1409 postulavisset,
1952 1345 2051 1388 vas
2100 1329 2292 1389 factus
2342 1328 2417 1389 sit

258 1413 406 1475 alter
446 1413 575 1475 eius
617 1413 894 1487 sistendi,
940 1420 1040 1487 ut,
1087 1412 1136 1473 si
1164 1412 1265 1474 ille
1294 1432 1419 1474 non
1461 1411 1824 1488 revertisset,
1856 1413 2232 1473 moriendum
2262 1420 2417 1473 esset

258 1498 390 1577 ipsi.
478 1498 592 1570 Qui
637 1516 774 1559 cum
805 1499 876 1559 ad
918 1498 1073 1559 diem
1118 1517 1183 1560 se
1225 1498 1579 1579 recepisset,
1624 1498 1943 1559 admiratus
1987 1516 2194 1559 eorum
2238 1498 2415 1558 fidem

259 1591 549 1664 tyrannus
576 1583 810 1662 petivit,
857 1591 924 1644 ut
968 1601 1032 1644 se
1062 1584 1133 1643 ad
1167 1584 1481 1659 amicitiam
1510 1583 1752 1644 tertium
1782 1583 2206 1645 adscriberent.
2269 1582 2416 1644 Gum

155 1673 214 1730 15
254 1668 439 1749 igitur
464 1668 522 1729 id
539 1715 554 1742 ,
587 1669 745 1746 quod
775 1667 919 1729 utile
949 1667 1181 1729 videtur
1208 1669 1269 1729 in
1302 1669 1574 1743 amicitia,
1606 1687 1743 1729 cum
1774 1687 1845 1729 eo
1860 1714 1875 1742 ,
1908 1670 2068 1747 quod
2096 1670 2416 1731 honestum

258 1761 364 1829 est,
406 1760 804 1832 comparatur,
847 1753 1036 1814 iaceat
1076 1753 1344 1816 utilitatis
1383 1752 1631 1834 species,
1673 1753 1862 1814 valeat
1904 1754 2202 1814 honestas.
2270 1753 2417 1815 Cum

260 1846 458 1900 autem
487 1839 550 1899 in
582 1837 853 1912 amicitia,
891 1856 1041 1916 quae
1069 1839 1321 1900 honesta
1352 1857 1477 1899 non
1508 1845 1665 1913 sunt,
1697 1837 2179 1917 postulabuntur,
2210 1837 2416 1916 religio

259 1932 320 1984 et
360 1924 507 1984 fides
551 1930 951 2002 anteponatur
991 1923 1298 1985 amicitiae.
1360 1923 1460 1986 Sic
1487 1922 1803 1984 habebitur
1833 1923 1901 1997 is,
1950 1940 2129 2002 quem
2160 1922 2418 2001 exquiri-

258 2026 412 2084 mus,
443 2008 692 2069 dilectus
722 2007 922 2069 officii.

330 2144 378 2197 2.
430 2156 630 2192 morem
654 2140 894 2207 rogandi
926 2141 1140 2194 iudicis.
1195 2140 1287 2194 Die

257 2208 441 2262 Worte
466 2225 602 2276 quae
619 2209 771 2261 salva
795 2210 903 2273 fide
929 2215 1027 2262 cet.
1060 2209 1288 2277 gehoren

258 2294 323 2331 zu
360 2278 449 2331 der
492 2278 880 2331 feststehenden
915 2278 1118 2331 Formel
1192 2280 1289 2331 mit

260 2346 350 2398 der
385 2345 470 2403 die
503 2343 744 2398 Parteien
785 2347 885 2399 den
929 2347 1061 2399 nach
1097 2318 1287 2399 [seber-

260 2413 500 2467 einkunft
521 2414 616 2466 mit
638 2414 755 2466 dem
773 2412 986 2467 Praetor
1010 2428 1289 2481 angenom-

259 2497 444 2535 menen
491 2480 702 2535 Richter
749 2481 1125 2546 aussorderten,
1178 2482 1287 2535 ihre

261 2549 428 2603 Sache
465 2551 597 2604 nach
622 2550 788 2602 Recht
810 2550 915 2602 und
932 2549 1199 2602 Gewissen
1224 2566 1288 2602 zu

262 2618 610 2673 entscheiden.
656 2622 707 2669 ei
741 2619 810 2685 (d.
848 2618 883 2671 i.
919 2621 969 2669 si
1002 2618 1179 2684 modo)
1218 2624 1289 2669 te-

260 2703 508 2739 neremus
553 2684 740 2740 drfickt
776 2686 875 2739 den
911 2685 1141 2738 Wunsch
1177 2701 1288 2752 aue,

261 2755 381 2808 dass
432 2754 516 2808 die
567 2755 770 2809 Formel
828 2753 1027 2821 befolgt
1082 2753 1289 2806 werden

259 2824 485 2889 mochte,
521 2823 657 2875 deun
691 2824 744 2875 in
769 2822 1036 2876 Gebrauch
1069 2837 1179 2873 war
1213 2820 1289 2874 sie

251 2890 533 2958 jedenfalls
570 2893 719 2946 noch.
775 2890 892 2959 Vgl.
928 2906 978 2958 p.
1014 2890 1199 2943 Flacco
1239 2890 1288 2955 7,

264 2960 325 3013 15
371 2975 402 3011 a
437 2975 639 3011 morem
670 2959 1016 3028 praeclarum
1052 2957 1288 3024 discipli-

259 3043 507 3095 namque,
548 3043 708 3094 quam
744 3045 777 3079 a
809 3029 1112 3079 maioribus
1145 3043 1290 3079 acee-

252 3101 451 3165 pimus‚
487 3099 537 3148 n·
569 3097 784 3163 quidem
820 3101 1132 3148 teneremus.

331 3169 378 3218 3.
470 3168 630 3217 assit:
683 3165 771 3217 der
796 3164 939 3231 Conj.
966 3163 1158 3230 Praes„
1187 3163 1289 3215 wie

263 3248 320 3285 er
339 3233 393 3284 in
453 3248 508 3284 er
531 3232 733 3285 Formel
757 3232 912 3298 steht,
937 3237 1132 3285 musste
1156 3231 1289 3284 auch

262 3299 521 3365 abhi'mgig
555 3315 660 3351 von
696 3304 999 3366 accepimus
1038 3301 1292 3352 unveriin-

265 3367 380 3419 dert
413 3367 638 3420 bleiben.

333 3439 380 3487 7.
436 3438 496 3486 in
529 3436 860 3500 sapientibus
882 3460 926 3472 -—
952 3434 1075 3487 tale.
1131 3433 1290 3487 Unter

262 3501 473 3556 Weisen
507 3503 578 3554 ist
613 3516 669 3554 es
705 3501 1016 3569 unmoglich,
1053 3502 1172 3554 dass
1201 3502 1291 3555 der

262 3571 391 3624 Eine
414 3575 579 3625 etwas
612 3570 886 3623 unrechtes
920 3569 1187 3637 verlange3
1226 3570 1290 3623 da

263 3639 361 3707 gilt
412 3639 523 3692 also
576 3638 656 3691 als
689 3637 974 3691 Grundsatz
1025 3638 1172 3691 Alles
1226 3654 1290 3691 zu

263 3708 408 3773 thnn,
444 3722 556 3759 was
591 3706 682 3760 der
703 3705 903 3759 Frennd
937 3706 1190 3773 verlangt.
1225 3706 1291 3758 de

264 3791 360 3828 am.
384 3776 462 3840 11,
483 3777 549 3830 38
584 3775 789 3840 Quodsi
808 3779 1016 3827 rectum
1037 3777 1293 3826 stamari-

261 3859 382 3895 mus
404 3843 490 3895 vel
512 3844 800 3896 concedere
822 3847 1012 3895 micis
1028 3842 1294 3909 quidquid

262 3912 429 3964 mlint
461 3911 547 3962 vel
576 3912 870 3980 impetrare
903 3914 969 3964 ab
1004 3914 1101 3977 iis,
1138 3912 1292 3977 quid-

263 3981 398 4048 quid
456 3978 708 4047 velimus,
768 3979 1018 4048 perfecta
1078 3980 1292 4046 quidem

1389 2143 1661 2207 sapientia
1706 2143 1756 2190 ,η’
1798 2123 1994 2207 simui,
2041 2141 2186 2192 nihil
2228 2142 2422 2191 habeat

1388 2226 1479 2261 res
1510 2211 1650 2260 vitii.

1461 2281 1508 2332 8.
1545 2278 1845 2330 Damonem
1879 2283 1933 2328 et
1963 2280 2254 2329 Phintiam.
2314 2276 2418 2328 An-

1390 2347 1480 2398 dre
1514 2360 1716 2397 nennen
1753 2345 1836 2397 die
1862 2344 2094 2397 Freunde
2117 2344 2419 2411 Euphantos

1387 2414 1495 2467 und
1522 2412 1781 2478 EukritoS,
1815 2412 2009 2464 wieder
2032 2412 2202 2463 Andre
2226 2411 2418 2466 Meiros

1391 2480 1496 2533 und
1520 2479 1852 2533 SelinuntioS.
1899 2480 2043 2531 Eben
2080 2495 2138 2532 so
2176 2480 2304 2532 wird
2341 2481 2419 2533 als

1390 2548 1600 2616 Tyrann
1646 2548 1768 2600 bald
1815 2548 1905 2599 der
1955 2547 2113 2599 altere
2159 2548 2282 2599 bald
2331 2548 2420 2600 der

1382 2617 1605 2683 jungere
1615 2614 1911 2684 Dionysius,
1935 2614 2057 2667 bald
2077 2615 2165 2668 der
2185 2631 2235 2670 z.
2254 2616 2339 2683 115
2353 2619 2418 2670 26

1388 2684 1743 2751 besprochene
1778 2682 2011 2735 Phalaris
2048 2684 2364 2750 angegeben.

1467 2756 1543 2805 11.
1602 2752 2146 2804 commendandorum
2198 2768 2420 2804 morum

1392 2836 1584 2886 cama,
1631 2836 1717 2873 um
1768 2820 1843 2872 sie
1892 2820 2007 2873 dem
2045 2819 2268 2873 Schutze
2316 2837 2417 2874 von

1390 2888 1660 2941 Freunden
1679 2904 1741 2941 zu
1762 2889 2070 2958 empfehlen‚
2098 2890 2228 2942 nach
2247 2888 2421 2942 Weise

1391 2955 1830 3018 derSterbenden;
1883 2958 1947 3011 de
2002 2956 2089 3010 fin.
2126 2957 2188 3010 111
2223 2960 2316 3025 20,
2354 2961 2417 3011 65

1393 3026 1882 3078 commendationes
1915 3029 2276 3079 monentium.

1460 3110 1554 3145 vas
1585 3093 1767 3157 factus
1801 3098 1888 3148 sit.
1937 3094 2031 3147 Die
2065 3092 2213 3147 fides,
2251 3094 2418 3146 haben

1393 3166 1494 3227 est,
1539 3162 1661 3214 aber
1696 3163 1780 3214 ein
1815 3162 2039 3229 Beispiel
2075 3163 2218 3214 einer
2252 3162 2421 3214 derar-

1392 3230 1537 3296 tigen
1555 3229 1920 3296 Anakoluthie‚
1945 3229 2066 3282 dass
2090 3229 2220 3282 nach
2243 3233 2308 3280 ut
2333 3229 2422 3281 der

1391 3298 1641 3350 ludicativ
1663 3303 1867 3364 gesetzt
1890 3299 1982 3364 sei,
2013 3296 2176 3351 findet
2199 3298 2311 3350 sich
2335 3297 2420 3349 bei

1394 3365 1496 3419 Cic.
1523 3366 1781 3433 nirgendS,
1816 3366 1922 3419 und
1955 3366 2066 3418 hier
2094 3367 2163 3419 ist
2187 3366 2297 3419 dies
2332 3381 2419 3418 um

1392 3449 1454 3487 so
1489 3434 1721 3500 weniger
1754 3435 2122 3499 anzunehmen,
2165 3434 2243 3486 als
2278 3434 2422 3487 nicht

1393 3503 1510 3555 eine
1554 3502 1764 3568 lingere
1798 3500 2112 3555 Parenthese
2157 3502 2251 3554 das
2287 3503 2423 3554 Ana-

1392 3570 1578 3624 koluth
1613 3569 1978 3637 entechuldigt.

1467 3641 1544 3692 12.
1600 3641 1714 3689 eius
1759 3639 2014 3703 sistendi,
2061 3638 2181 3690 dass
2228 3651 2285 3689 er
2329 3637 2419 3688 ibn

1392 3722 1485 3759 zur
1505 3705 1669 3760 Stelle
1689 3706 1919 3771 wichte,
1949 3706 2084 3759 denn
2110 3708 2296 3756 cistere
2322 3705 2423 3756 ali—

1394 3791 1549 3841 quem
1603 3774 1765 3827 heisst
1826 3775 1975 3827 einen
2027 3787 2091 3827 zu
2139 3773 2254 3825 dem
2299 3771 2424 3825 Ter-

1392 3844 1531 3895 mine
1566 3842 1768 3895 stellen.

1470 3914 1543 3964 16.
1580 3914 1773 3976 iaceat,
1810 3909 1982 3962 bleibe
2000 3908 2313 3962 unbeachtet
2329 3909 2422 3961 lie·

1395 3994 1511 4046 gen.
1566 3977 1683 4045 Vgl.
1723 3977 1755 4046 ξ
1795 3981 1876 4031 79.
