2813 4537
282 719 340 769 76

389 274 470 336 74
1014 276 1098 330 DE
1135 275 1394 351 OFFICIIS
1433 275 1549 330 LIB.
1584 277 1622 330 1.
1675 276 1817 330 GAP.
1838 278 1919 331 22.
2031 340 2038 345 ,

384 462 710 517 servantur.
791 451 867 513 Et
907 449 1333 514 Themistocles
1375 450 1612 532 quidem
1655 450 1805 512 nihil
1848 450 2091 526 dixerit,
2142 450 2204 514 in
2248 469 2367 532 quo
2410 451 2539 534 ipse

384 543 757 621 Areopagum
802 536 1115 599 adiuverit:
1160 544 1220 599 at
1262 535 1361 597 ille
1404 554 1540 619 vere
1581 555 1616 598 a
1660 554 1726 598 se
1767 536 2029 599 adiutum
2059 536 2537 601 Themistoclem.

385 625 490 687 Est
519 625 677 687 enim
706 621 926 685 bellum
957 631 1189 702 gestum
1219 620 1469 685 consilio
1501 629 1741 684 senatus
1770 621 1932 698 eius,
1968 622 2070 704 qui
2099 643 2131 685 a
2163 621 2386 685 Solone
2416 634 2538 686 erat

382 711 757 774 constitutus
816 707 981 770 Licet
1013 709 1217 770 eadem
1247 708 1319 769 de
1347 705 1635 770 Pausania
1663 707 2089 789 Lysandroque
2119 709 2348 784 dicere,
2388 728 2537 790 quo-

380 814 514 859 rum
544 795 722 858 rebus
765 792 948 874 gestis
977 811 1333 875 quamquam
1377 793 1693 874 imperium
1722 793 2203 856 Lacedaemoniis
2230 793 2538 858 dilatatum

381 889 653 963 putatur,
704 888 901 942 lamen
941 897 1020 941 ne
1047 879 1290 941 minima
1331 879 1570 959 quidem
1600 897 1672 940 ex
1713 887 1878 960 parte
1906 879 2162 961 Lycurgi
2205 878 2437 960 legibus
2479 891 2539 943 et

382 965 729 1049 disciplinae
773 964 1118 1028 conferendi
1162 973 1322 1027 sunt.
1382 962 1540 1035 Quin
1585 964 1758 1026 etiam
1802 965 1879 1027 ob
1911 966 2017 1029 has
2056 966 2215 1047 ipsas
2243 984 2450 1029 causas
2480 978 2538 1030 et

380 1052 748 1135 parentiores
790 1050 1128 1113 habuerunt
1166 1050 1461 1113 exercitus
1503 1057 1561 1112 et
1602 1050 1897 1113 fortiores.
1966 1051 2110 1113 Mihi
2152 1051 2389 1133 quidem
2429 1070 2537 1115 ne-

382 1158 498 1219 que
538 1137 739 1219 pueris
782 1135 958 1197 nobis
996 1136 1076 1197 M.
1106 1135 1364 1198 Scaurus
1412 1135 1475 1197 C.
1507 1135 1692 1197 Mario
1723 1153 1949 1217 neque,
1992 1155 2130 1199 cum
2170 1155 2538 1200 versaremur

381 1225 443 1285 in
475 1242 540 1285 re
569 1221 804 1304 publica
824 1267 839 1297 ‚
884 1220 954 1293 Q.
986 1220 1227 1284 Catulus
1256 1221 1364 1285 Cn.
1396 1220 1680 1303 Pompeio
1725 1223 1933 1284 cedere
1972 1222 2296 1286 videbatur.
2367 1222 2537 1286 Parvi

382 1309 543 1370 enim
586 1317 726 1371 sunt
767 1307 911 1369 foris
953 1325 1143 1385 arma,
1188 1307 1303 1370 nisi
1335 1314 1425 1369 est
1467 1306 1785 1369 consilium
1824 1308 2004 1370 domi.
2061 1308 2184 1371 Nec
2213 1307 2349 1389 plus
2379 1309 2555 1374 Afri-.

382 1413 586 1469 canus,
617 1392 931 1472 singularis
961 1402 1020 1454 et
1047 1393 1134 1454 vir
1150 1401 1212 1454 et
1235 1393 1575 1475 imperator,
1604 1392 1667 1453 in
1694 1393 2083 1455 exscindenda
2105 1393 2418 1457 Numantia
2445 1396 2534 1457 rei

382 1479 654 1561 publicae
696 1478 920 1560 profuit
964 1497 1140 1559 quam
1183 1478 1389 1540 eodem
1426 1486 1698 1559 tempore
1722 1477 1788 1540 P.
1819 1478 2028 1542 Nasica
2057 1479 2353 1560 privatus,
2396 1499 2533 1543 cum

381 1564 470 1625 Ti.
495 1564 826 1627 Gracchum
855 1563 1173 1629 interemit.
1226 1562 1591 1645 Quamquam
1621 1564 1768 1626 haec
1799 1564 2036 1645 quidem
2064 1583 2160 1627 res
2183 1583 2306 1628 non
2338 1565 2532 1630 solum

377 1669 452 1713 ex
481 1650 798 1713 domestica
829 1658 917 1712 est
945 1648 1204 1712 ratione:
1237 1649 1475 1728 attingit
1504 1648 1679 1712 etiam
1701 1648 1990 1724 bellicam,
2020 1651 2301 1732 quoniam
2329 1650 2384 1713 vi
2406 1670 2531 1715 ma·

448 1822 492 1871 1.
517 1822 831 1869 servantur.
900 1815 1030 1869 Dass
1066 1816 1151 1869 die
1186 1815 1402 1870 Gesetze

380 1884 566 1939 Solous
615 1886 748 1939 noch
781 1884 1095 1952 hestauden,
1147 1890 1263 1952 sagt
1299 1885 1401 1939 Cic.

377 1954 508 2006 auch
543 1970 593 2021 p.
621 1951 674 2008 S.
698 1953 844 2006 Rosc.
867 1956 949 2019 25,
969 1957 1036 2007 70
1071 1956 1404 2020 sapientissi-

375 2039 521 2074 mum
558 2021 807 2074 Solonem
845 2021 1035 2073 dieunt
1054 2020 1247 2087 fuisse,
1283 2038 1402 2074 eum

379 2095 476 2158 qui
487 2091 642 2156 leges,
656 2093 848 2156 quibus
856 2090 1014 2140 hodie
1022 2105 1231 2156 quoque
1240 2094 1404 2142 utun-

379 2165 487 2224 tur,
521 2162 828 2226 scripserit:
875 2172 983 2210 was
1019 2158 1270 2211 natiirlich
1308 2174 1403 2211 nur

377 2228 473 2281 mit
527 2242 729 2295 grosser
779 2225 1205 2295 Einschrankung
1257 2227 1401 2280 wahr

375 2298 460 2350 ist.

445 2367 492 2418 3.
532 2363 728 2415 bellum
753 2367 965 2428 gestum
1007 2379 1149 2416 cons.
1183 2369 1402 2416 senatus

377 2436 506 2485 eius.
557 2431 660 2485 Cic.
678 2431 834 2499 spielt
851 2431 1008 2484 damit
1030 2431 1294 2485 vielleicht
1313 2433 1404 2485 auf

374 2500 457 2553 die
474 2500 627 2553 Notiz
649 2516 738 2565 an,
771 2499 854 2552 die
872 2499 983 2552 sich
1005 2500 1136 2553 auch
1157 2500 1241 2553 bei
1261 2499 1397 2554 Plut.

373 2568 636 2623 Them.10
659 2567 846 2621 findet:
884 2562 980 2621 οὐκ
1015 2565 1201 2621 ὄντων
1235 2564 1399 2637 δημο-

373 2642 514 2691 σίων
564 2631 860 2708 χρημάτων
920 2640 1034 2689 τοῖς
1083 2632 1398 2703 Ἀθηναίοις

372 2737 415 2745 -
451 2704 554 2759 τὶν
603 2704 664 2767 ἐξ
708 2698 910 2776 Ἀρείου
963 2700 1138 2776 πάγου
1190 2702 1397 2773 βουλὴν

370 2780 682 2846 πορίσασαν
717 2770 859 2825 buna
909 2768 1148 2844 δραχμὰς
1181 2768 1395 2841 ἑκάστῳ

369 2844 490 2896 τῶν
543 2843 994 2912 στρατευομένων
1059 2837 1398 2906 αἰτιωτάτην

371 2910 638 2983 γενέσθαι
705 2908 803 2961 τοῦ
873 2905 1243 2979 πληρωθῆναι
1300 2907 1397 2963 τὰς

371 2974 618 3099 ἔριήῗις.
650 2976 1292 3099 fflJrAwghrSCheiniiihzr
1305 2978 1394 3099 Est,

370 3061 728 3180 pti-{erffiiege
769 3060 1022 3167 digsgsszg
1034 3061 1273 3182 Sztltlelluglg
1307 3061 1396 3168 zuei}

371 3183 602 3249 erthesst,
658 3182 856 3235 welche
909 3198 964 3235 er
1016 3182 1070 3235 in
1115 3183 1395 3236 romischer

369 3252 484 3305 Zeit
516 3252 682 3318 hatte,
738 3267 821 3304 wo
871 3265 925 3304 er
979 3250 1055 3304 als
1104 3249 1392 3305 Staatsrath

368 3319 726 3373 bedeutenden
760 3319 985 3374 Einssuss
1027 3319 1118 3372 auf
1149 3319 1233 3373 die
1269 3319 1392 3373 Ver-

366 3389 601 3455 waltung
636 3387 726 3439 des
763 3386 967 3441 Staates
1002 3388 1197 3441 besaSS.

437 3478 483 3527 5.
523 3472 829 3524 dilatatum.
884 3471 986 3525 Das
1021 3471 1247 3526 Verbum
1282 3488 1391 3527 war

367 3541 420 3595 in
446 3541 544 3594 den
560 3539 744 3594 besten
763 3539 912 3593 Hdss.
938 3540 1282 3607 ausgefallen;
1321 3544 1388 3595 ob

368 3611 524 3664 daher
559 3608 661 3664 Cic.
698 3607 936 3661 wirklich
975 3608 1265 3662 dilatatum
1301 3626 1390 3678 ge-

364 3677 648 3744 schrieben‚
703 3676 803 3730 wie
839 3677 921 3730 ein
955 3676 1300 3731 Abschreiber
1334 3679 1387 3732 in

365 3746 464 3800 den
483 3745 616 3799 Text
645 3751 829 3811 setae,
864 3745 1030 3799 bleiht
1054 3745 1387 3801 zweifelhaft.

434 3831 482 3881 ’1.
534 3825 849 3889 conferendi
887 3837 1031 3884 sunt.
1099 3831 1193 3885 Die
1227 3833 1386 3886 Leute

364 3897 529 3950 selbst
575 3896 781 3950 werden
834 3900 928 3953 mit
980 3899 1078 3953 den
1132 3900 1387 3954 Gesetzen

362 3965 598 4035 Lykurgs
633 3968 1155 4036 zusammengestellt.
1201 3969 1223 4021 1
1257 3969 1290 4038 ς
1315 3972 1382 4025 96

1505 1820 1566 1868 in
1618 1833 1724 1883 quo
1777 1823 1981 1870 natm-a
2044 1821 2159 1870 eius
2211 1836 2245 1871 α
2302 1821 2533 1886 reliquis

1506 1888 1873 1937 animantibus
1906 1887 2143 1950 differat.

1575 1973 1623 2024 9.
1659 1970 1729 2023 M.
1754 1971 2020 2023 Aemilius
2038 1972 2302 2039 Scaurus,
2340 1971 2530 2026 Consul

1506 2039 1575 2090 im
1598 2037 1645 2091 J.
1668 2042 1768 2093 639
1787 2040 1928 2105 (115)
1957 2039 2062 2092 und
2092 2044 2193 2094 646
2212 2042 2371 2107 (108),
2403 2041 2531 2093 Cen-

1506 2123 1592 2160 sor
1616 2110 1716 2161 645
1742 2109 1900 2174 (109),
1936 2107 2014 2160 als
2047 2110 2286 2176 princeps
2319 2114 2529 2163 senatus

1505 2175 1698 2229 Fuhrer
1732 2175 1821 2229 der
1856 2175 2308 2231 aristokratischen
2339 2177 2528 2244 Partei,

1504 2244 1636 2298 wird
1668 2260 1772 2298 von
1810 2244 1910 2299 Cic.
1960 2243 2037 2298 als
2085 2245 2178 2300 das
2213 2246 2351 2300 ldeal
2385 2246 2529 2299 eines

1501 2312 1726 2381 Burgers
1745 2314 2061 2381 hingestellt.
2097 2315 2297 2368 Anders
2314 2316 2529 2368 urtheilt

2581 1228 2638 1280 10

2578 1653 2635 1707 15

1503 2381 1704 2434 sreilich
1735 2380 1929 2435 Sallust
1945 2382 2065 2450 Jug.
2089 2386 2151 2437 15
2187 2383 2293 2436 und
2307 2383 2527 2437 beweist
2616 2409 2622 2420 ,

1503 2450 1616 2502 sein
1667 2448 1865 2503 Urtheil
1914 2449 1965 2515 (J
1967 2466 2051 2517 ug.
2089 2453 2176 2518 29)
2230 2451 2391 2505 durch
2442 2452 2526 2505 die

1502 2517 1808 2586 Thatsache‚
1838 2518 1957 2572 dass
1979 2518 2069 2572 der
2085 2534 2250 2588 gegen
2267 2519 2440 2574 Andre
2463 2536 2524 2574 so

1502 2591 1709 2654 strenge
1724 2586 2018 2640 Aristokrat
2053 2587 2164 2641 sich
2199 2588 2333 2642 doch
2370 2590 2525 2642 eben-

1499 2652 1618 2708 falls
1653 2670 1759 2708 von
1780 2655 2032 2722 Jugurtha
2068 2657 2349 2710 bestechen
2372 2657 2522 2720 liess;

1500 2723 1604 2791 vgl.
1624 2721 1909 2777 Mommsen
1928 2727 2053 2776 rom.
2074 2724 2255 2779 Gesch.
2275 2724 2316 2778 11
2332 2742 2383 2793 p.
2410 2728 2522 2780 125.

1569 2795 1648 2847 10.
1685 2792 1745 2857 Q.
1768 2792 2026 2844 Lutatius
2050 2793 2296 2861 Catulus,
2332 2794 2522 2847 Consul

1500 2862 1599 2913 676
1636 2861 1770 2926 (78),
1820 2859 2020 2914 Freund
2058 2861 2285 2929 CiceroS‚
2333 2862 2434 2916 den
2468 2878 2524 2915 er

1498 2932 1670 2981 zuerst
1704 2929 1781 2981 als
1808 2933 1972 2996 pater
2024 2934 2199 2983 atriae
2230 2932 2520 2999 begrfisste.

1497 2995 1597 3049 Zur
1626 2995 1977 3050 aristokratisc
2013 3013 2078 3051 en
2094 2997 2265 3053 Partei
2291 2999 2521 3067 geborig,
2593 3052 2600 3072 a,

1497 3080 1607 3117 war
1624 3079 1680 3117 er
1696 3065 1779 3118 ein
1807 3065 2014 3130 einiger
2032 3066 2232 3134 Gegner
2261 3068 2352 3121 des
2368 3066 2522 3120 Pom-

1496 3134 1579 3200 pej
1587 3148 1663 3199 ue,
1675 3133 1876 3200 Caesar,
1888 3134 2117 3203 Crassus,
2126 3135 2281 3189 deren
2289 3135 2522 3189 herrsch-

1496 3201 1731 3269 suchtige
1765 3201 1927 3255 Plane
1962 3218 2017 3255 er
2051 3202 2439 3259 durchschaute.

1562 3286 1742 3342 Parvi.
1794 3287 2237 3343 Wahrscheinlich
2261 3289 2346 3342 ein
2368 3288 2520 3342 Dich-

1495 3354 1846 3423 terfragment,
1872 3356 1965 3411 das
1983 3372 2047 3410 zu
2065 3357 2208 3411 lesen
2224 3358 2320 3411 ist:
2356 3359 2523 3410 Parvi

1496 3425 1637 3475 enim
1669 3423 1810 3486 foris
1842 3430 1971 3477 sunt
2004 3441 2181 3493 arma,
2211 3430 2325 3479 πίει·
2356 3430 2406 3478 si
2439 3432 2519 3480 est

1494 3491 1777 3544 consilium
1810 3494 1972 3549 domi.

1493 3627 1526 3696 ἓ
1555 3562 1646 3682 ἐῖ.
1716 3565 1777 3615 in
1829 3562 2223 3616 eoescindenda:
2290 3578 2331 3617 s,
2379 3578 2424 3617 z.
2475 3561 2518 3615 11

1564 3700 1643 3751 13.
1692 3700 1749 3754 P.
1787 3697 1969 3765 Scipio
2005 3698 2208 3752 Nasica
2255 3699 2483 3766 Serapio
2496 3686 2533 3749 εἰ

1491 3763 1524 3832 5
1562 3768 1765 3888 iff'ooe
1812 3830 1951 3890 dom.
1999 3840 2078 3888 est
2122 3841 2263 3890 rat„-
2316 3836 2350 3902 δ

1486 3905 1754 3954 rationem
1803 3903 1965 3960 cadit.
2048 3905 2081 3971 ξ
2120 3907 2186 3959 63
2233 3920 2304 3956 0oe
2336 3903 2514 3956 media

1488 3969 1647 4022 laude
1677 3976 1821 4027 sunt.

2387 3837 2576 3888 sin.
