2813 4537
422 273 544 336 192
1039 278 1122 331 DE
1160 279 1417 332 OFFICIIS
1454 278 1568 333 LIB.
1606 279 1681 332 111.
1755 279 1894 333 GAP.
1923 284 1971 335 6.

417 453 605 526 vibus,
651 470 800 531 quae
841 453 1135 513 sententia
1178 471 1418 513 omnem
1454 452 1796 514 societatem
1825 452 2095 515 distrahit
2123 452 2388 514 civitatis.
2448 452 2575 525 Qui

420 545 615 598 autem
649 538 861 598 civium
892 538 1183 598 rationem
1214 538 1419 599 dicunt
1447 538 1796 613 habendam,
1842 547 2226 600 externorum
2255 546 2495 618 negant,
2527 539 2574 600 ii
2595 593 2616 616 ,

419 623 705 683 dirimunt
726 642 1101 685 communem
1131 623 1374 684 humani
1403 623 1640 702 generis
1668 624 2025 700 societatem,
2059 642 2172 703 qua
2204 624 2430 685 sublata
2459 625 2572 686 be·

421 708 735 770 nefioentia
771 708 1106 783 liberalitas,
1132 708 1388 769 bonitas
1418 708 1639 770 iustitia
1668 708 1935 771 funditus
1964 710 2209 771 tollitur.
2238 772 2242 777 ,
2270 709 2433 781 Quae
2464 711 2574 790 qui

418 793 636 855 tollunt
675 794 849 855 etiam
879 795 1154 855 adversus
1174 795 1323 855 -deos
1352 794 1713 855 immortales
1740 794 1906 874 impii
1935 794 2232 857 iudicandi
2260 803 2419 856 sunt.
2479 796 2573 856 Ab
2610 807 2646 857 5

419 878 489 939 iis
540 878 700 939 enim
738 879 1120 941 constitutam
1163 879 1321 940 inter
1362 879 1634 940 homines
1676 880 2017 941 societatem
2062 888 2353 955 evertunt,
2399 880 2572 943 cuius

419 964 715 1025 societatis
755 965 1114 1025 artissimum
1154 965 1456 1025 vinculum
1498 973 1588 1026 est
1636 964 1822 1044 magis
1871 966 2144 1027 arbitrari
2186 984 2314 1027 esse
2357 974 2573 1028 eontra

422 1057 692 1110 naturam
736 1050 1038 1110 hominem
1083 1051 1310 1111 homini
1351 1051 1658 1111 detrahere
1703 1050 1795 1112 sui
1838 1051 2133 1112 commodi
2174 1069 2348 1113 eausa
2390 1070 2572 1134 quam

422 1135 619 1195 omnia
662 1135 1036 1195 incommoda
1076 1135 1277 1196 subire
1319 1136 1410 1196 vel
1454 1143 1695 1197 externa
1735 1136 1826 1196 vel
1855 1138 2121 1217 eorporis
2150 1134 2182 1169 *
2211 1134 2243 1169 *
2270 1137 2363 1198 vel
2391 1137 2571 1206 etiam

422 1220 608 1299 ipsius
650 1220 849 1295 animi,
895 1238 1043 1299 quae
1085 1228 1295 1281 vacent
1335 1221 1572 1282 iustitia.
1633 1220 1792 1282 Haec
1822 1223 1982 1284 enim
2010 1241 2131 1283 una
2160 1221 2345 1284 virtus
2376 1223 2574 1283 omni-
2626 1229 2696 1283 10

421 1323 523 1365 um
552 1312 642 1365 est
670 1305 908 1366 domina
938 1313 997 1366 et
1024 1307 1230 1386 regina
1261 1306 1558 1368 virtutum.

589 1390 860 1452 Forsitan
907 1391 1199 1471 quispiam
1245 1391 1485 1452 dixerit:
1548 1392 1780 1452 ‘Nonne
1825 1392 2006 1470 igitur
2034 1393 2289 1472 sapiens,
2335 1392 2385 1453 si
2414 1394 2571 1453 fame

422 1476 549 1555 ipse
595 1477 961 1551 conficiatur,
1006 1476 1314 1538 abstulerit
1356 1477 1556 1537 cibum
1596 1476 1783 1551 alteri,
1828 1477 2057 1537 homini
2086 1479 2158 1538 ad
2189 1478 2413 1539 nullam'
2440 1496 2572 1539 rem

335 1575 341 1586 ¹
422 1561 550 1621 utili
563 1537 611 1620 ‘i’
672 1557 935 1644 [Minime
976 1580 1135 1623 vero.
1195 1562 1329 1623 Non
1374 1562 1534 1622 enim
1568 1561 1714 1622 mihi
1744 1570 1833 1623 est
1858 1562 1973 1623 vita
2001 1581 2134 1623 mea
2162 1563 2364 1624 utilior
2391 1581 2571 1642 quam

422 1646 603 1707 animi
647 1646 778 1708 talis
821 1646 1093 1723 adfectio,
1139 1646 1439 1708 neminem
1483 1655 1550 1733 ut
1592 1647 1804 1708 violem
1846 1649 2139 1709 commodi
2181 1649 2297 1709 mei
2341 1644 2571 1731 gratia]
2624 1655 2689 1709 15

491 1783 539 1831 4.
596 1778 741 1844 Quae
787 1783 882 1846 qui
924 1780 1124 1832 tollunt
1158 1784 1316 1831 etiam
1352 1781 1447 1832 ad-

422 1861 606 1897 versus
640 1851 762 1899 cet.:
802 1864 938 1914 quae
971 1848 1177 1900 bezieht
1214 1849 1322 1901 sich
1358 1849 1450 1901 auf

424 1914 551 1967 alles
565 1914 1008 1982 Vorhergehende‚
1025 1932 1352 1968 communem
1363 1931 1455 1967 so:

425 1986 670 2033 cietatem
693 1984 786 2036 mit
811 1985 1244 2050 eingesehlossen.
1296 1984 1443 2039 Stob.

425 2052 518 2103 eol.
545 2052 647 2103 eth.
674 2068 723 2118 p.
750 2055 848 2105 216
872 2052 989 2105 πᾶν
1010 2045 1301 2120 ἁμάρτημα
1324 2047 1445 2105 ἀσό-

424 2123 575 2186 βημα
610 2118 767 2183 εἶναι,
801 2117 867 2171 τὸ
893 2118 997 2190 γὰρ
1021 2118 1170 2188 παρὰ
1193 2119 1294 2185 τὴν
1316 2116 1444 2188 βού-

426 2184 584 2252 λησίν
631 2204 687 2237 τι
746 2183 1095 2257 πράττεσθαι
1150 2188 1247 2240 ‘toz‘
1308 2187 1448 2241 θεοῦ

424 2249 672 2390 {caedas
706 2254 847 2307 εἶναι
878 2250 1183 2329 τεκμήριον.
1234 2255 1287 2312 S.
1314 2257 1446 2314 Einl.

498 2395 574 2445 10.
641 2408 778 2458 quae
838 2397 1028 2443 vacent
1073 2395 1300 2447 iustitia.
1355 2393 1448 2446 Die

425 2460 642 2512 meisten
656 2459 1006 2527 Herausgeber
1024 2461 1289 2513 schreiben
1311 2461 1446 2514 ohne

425 2529 539 2580 eine
574 2528 743 2580 Lficke
781 2530 1131 2581 anzunehmen
1168 2546 1304 2595 quae
1332 2547 1446 2582 vae.

424 2600 723 2649 iniustitia.
769 2596 907 2649 Aber
931 2597 1045 2650 eine
1081 2597 1256 2649 solehe
1280 2597 1447 2650 Nach-

426 2664 720 2732 lfissigkeit‚
772 2665 1120 2719 fortzufahren
1170 2668 1300 2717 haec
1334 2683 1446 2718 una

425 2737 599 2784 virtus
635 2735 710 2785 als
734 2733 803 2785 ob
837 2737 1048 2785 iustitia
1085 2735 1445 2802 vorausginge‚

425 2802 493 2853 ist
530 2801 631 2855 Cic.
666 2801 809 2853 nieht
842 2806 1168 2855 zuzutrauen.
1218 2802 1447 2855 Ebenso-

427 2870 600 2935 wenig
644 2868 782 2920 kann
829 2870 959 2920 haec
992 2872 1168 2919 virtus
1213 2870 1303 2921 auf
1346 2871 1447 2924 den

425 2935 624 3002 Begriff
648 2939 860 2987 vacatio
882 2939 1190 2987 iniustitiae
1212 2932 1452 3005 bezogen'

428 3004 649 3056 werden.
720 3002 820 3055 Das
856 3004 923 3056 ist
959 3005 1318 3070 grammatisch
1352 3024 1447 3058 un-

428 3072 667 3138 moglich,
691 3071 796 3124 und
814 3088 928 3124 vac.
945 3075 1129 3125 iniust.
1150 3073 1286 3125 kann
1305 3074 1448 3129 nicht

429 3142 511 3194 die
530 3141 748 3207 Konigin
780 3140 906 3193 aller
923 3139 1202 3207 Tugenden
1222 3148 1449 3208 genennt

429 3210 652 3263 werden.
677 3208 821 3261 Aueh
836 3226 972 3275 quae
982 3225 1092 3261 non
1105 3216 1296 3262 vacent
1305 3215 1448 3278 inst„

428 3279 530 3330 wie
567 3278 750 3330 andere
771 3278 1063 3330 vermuthet
1096 3279 1279 3344 haben,
1316 3280 1450 3346 gabe

428 3363 522 3399 nur
547 3346 644 3398 den
666 3346 1022 3412 unpassenden
1049 3345 1201 3398 Sinn:
1240 3346 1449 3400 Seelen-

430 3414 624 3480 leiden,
676 3414 762 3465 bei
814 3414 978 3466 denen
1031 3430 1125 3467 uns
1162 3415 1301 3468 nieht
1355 3416 1446 3468 das

427 3482 781 3535 Bewusstsein
817 3483 958 3534 einer
1004 3483 1277 3549 gereohten
1313 3483 1446 3536 That

429 3550 574 3604 fehlt.
608 3549 703 3601 Mit
716 3549 879 3603 Recht
897 3551 988 3602 hat
1007 3550 1218 3603 deshalb
1235 3552 1447 3604 Lambin

427 3619 734 3683 vermuthet‚
770 3618 888 3671 dass
924 3618 1156 3671 derselbe
1188 3618 1447 3685 Gedanke,

429 3689 516 3741 der
540 3690 570 3753 ξ
592 3690 652 3739 25
683 3687 845 3752 steht,
880 3687 990 3739 hier
1013 3686 1328 3752 ausgefallen
1354 3689 1447 3755 sei,

428 3758 538 3809 also
559 3760 720 3807 etwa:
761 3761 812 3805 et
832 3771 1023 3807 rursus
1044 3759 1220 3821 magis
1243 3773 1350 3806 esse
1370 3774 1449 3807 se-

431 3824 662 3875 cundum
684 3828 940 3874 naturam
960 3826 1223 3874 hominem
1244 3827 1449 3876 homini

426 3892 676 3958 prodesse
685 3929 700 3954 ,
752 3907 911 3956 quam
958 3895 1139 3942 omnia
1175 3893 1449 3944 commoda

426 3962 702 4025 percipere
733 3959 818 4008 vel
842 3964 1069 4010 externa
1095 3961 1178 4010 vel
1206 3965 1450 4028 corporis

1548 1781 1636 1831 vel
1650 1786 1813 1832 etiam
1827 1784 1852 1831 i
1885 1784 1996 1833 sius
2012 1785 2200 1849 animi,
2223 1798 2361 1847 quae
2377 1786 2572 1831 vacent
2621 1825 2627 1830 .

1547 1852 1776 1901 iustitia.
1894 1853 2007 1901 nter
2058 1849 2332 1901 commoda
2383 1853 2571 1915 animi,

1548 1934 1685 1983 quae
1718 1934 1768 1969 v.
1803 1920 1926 1969 inst.
1980 1917 2094 1970 sind
2148 1917 2302 1970 theils
2349 1917 2568 1984 geistige

1546 1984 1799 2052 Ἴσι-κῦρε,
1836 1985 1939 2037 wie
1973 1984 2328 2050 GedfiehtnisS,
2366 1984 2570 2037 Soharf-

1548 2054 1686 2119 sinn,
1723 2053 1877 2105 theils
1913 2053 2216 2106 erfreuliche
2240 2052 2571 2106 Seelenstim-

1547 2136 1769 2187 mungen
1806 2137 1868 2173 zu
1904 2123 2203 2187 verstehen‚
2252 2121 2335 2173 die
2370 2139 2568 2194 προηγ-

1548 2191 1689 2257 μένα
1722 2188 1816 2254 τῆς
1925 2189 2018 2254 χῗς
2067 2190 2138 2242 im
2173 2190 2458 2256 Gegensa'tz
2505 2206 2572 2242 zu

1551 2257 1641 2310 der
1657 2255 1836 2324 Tugen
1874 2298 1885 2310 .
1922 2258 2028 2325 vgl.
2055 2257 2199 2312 Stob.
2220 2259 2315 2312 ecl.
2340 2257 2381 2309 11
2404 2261 2569 2327 p.146

1548 2325 1677 2414 vohs
1704 2322 1764 2378 δὲ
1797 2329 2157 2414 σξροηχμέζνων
2187 2323 2262 2416 f&
2284 2328 2396 2408 μὲν
2429 2325 2573 2411 aba?

1550 2410 1879 2534 saw
1900 2390 2570 2543 φυὲν...)

1551 2531 1717 2596 αὔτα,
1770 2525 2023 2600 εὐφυίαν,
2076 2526 2387 2601 προκοπήν,
2435 2550 2571 2598 μνη·

1547 2618 1674 2667 μην,
1710 2593 1971 2663 ὀξύτητα,
2009 2594 2258 2652 διάνοιαν
2284 2628 2325 2636 -
2360 2602 2451 2650 καὶ
2486 2601 2571 2651 τέ-

1546 2684 1678 2732 χνας
1701 2660 1829 2720 ὅσαι
1854 2663 2119 2719 δύνανται
2155 2670 2431 2739 συνεργεῖν
2454 2668 2571 2718 ἐπι-

1549 2732 1737 2788 πλεῖον
1771 2732 1905 2807 πρὸς
1938 2732 2038 2787 τὸν
2062 2733 2202 2789 κατὰ
2225 2733 2393 2805 φύσιν
2426 2739 2570 2802 βίον.

1622 2807 1699 2857 12.
1752 2803 2012 2855 Forsitan
2048 2808 2313 2871 quispiam
2349 2804 2430 2856 d..·
2470 2803 2573 2855 ·der

1548 2872 1732 2924 zweite
1767 2871 2001 2924 Einwurf
2047 2871 2421 2940 entsprechend
2455 2870 2571 2923 dem

1547 2945 1745 3058 grstem
1791 2938 1933 2991 Nam
1965 2940 2107 2991 illud
2139 2940 2352 3007 quidem
2388 2941 2572 2990 absur-

1585 3023 1692 3058 um.

1622 3079 1699 3129 14.
1735 3073 1959 3125 Minime
1990 3091 2117 3126 vero
2142 3079 2238 3128 oet.
2276 3074 2368 3127 Die
2385 3074 2577 3126 Beant-

1513 3146 1516 3153 '
1550 3150 1789 3222 wortung
1837 3142 1925 3194 der
1969 3143 2156 3195 beiden
2202 3144 2396 3210 Fragen
2442 3142 2574 3194 wird

1551 3216 1654 3264 erst
1708 3215 1802 3262 mit
1852 3212 1994 3263 Haeo
2038 3213 2113 3262 ad
2143 3211 2494 3263 iudicandum
2527 3228 2574 3263 s.

1548 3279 1812 3342 facillima
1829 3280 2140 3347 eingeleitet‚
2162 3296 2337 3332 woran
2358 3279 2468 3331 sich
2486 3294 2573 3330 zu-

1551 3352 1656 3400 erst
1680 3348 1792 3400 eine
1811 3347 2176 3415 Bespreehung
2200 3348 2290 3400 der
2314 3347 2572 3414 allgemei-

1549 3431 1648 3468 nen
1674 3416 1851 3482 Frage,
1887 3416 2020 3468 daun
2103 3419 2167 3470 32
2204 3416 2295 3468 des
2318 3414 2570 3482 Beispiels

1548 3501 1653 3537 von
1687 3483 1919 3537 Phalaris
1969 3485 2060 3536 sch
2080 3485 2223 3537 iesst.
2294 3483 2571 3535 Ueberdies

1550 3553 1727 3605 wurde
1750 3552 1892 3605 diese
1916 3552 2321 3618 Beantwortung
2354 3555 2572 3602 minime

1552 3626 1651 3674 oet.
1699 3620 1787 3672 der
1821 3621 1895 3673 fol
1933 3621 2098 3675 enden
2143 3620 2569 3688 widerspreehen‚

1552 3689 1614 3741 da
1634 3689 1736 3743 Cie.
1756 3689 1866 3741 hier
1924 3705 1980 3741 as
2005 3688 2288 3754 unbedingt
2309 3688 2569 3742 verbieteu

1552 3757 1751 3820 wurde,
1777 3773 1885 3810 was
1905 3773 1960 3809 er
1983 3757 2053 3809 im
2072 3755 2367 3822 Folgenden
2390 3755 2473 3808 fiir
2496 3770 2571 3808 er·

1549 3826 1695 3878 laubt
1717 3825 1933 3892 erkffirt,
1970 3840 2121 3877 wenn
2146 3840 2203 3876 es
2226 3824 2316 3876 das
2338 3823 2572 3876 Gemein-
2656 3895 2661 3898 Ι

1551 3893 1690 3945 wohl
1727 3893 1931 3948 fordert.

1613 3966 1686 4015 15.
1704 3965 1911 4013 animi-
1920 3962 2153 4027 affectio,
2168 3961 2250 4013 die
2265 3960 2567 4028 Stimmung,
