2813 4537
303 709 362 760 14

368 220 371 223 ¹
402 268 485 329 40
1035 267 1119 321 ΒΕ
1161 265 1426 320 ΟῈΡΙΟῙΙ8
1460 266 1578 320 Lm.
1614 266 1652 320 1.
1722 265 1864 320 CAP.
1895 270 1945 319 4.

406 443 689 524 quaedam
739 440 1128 523 principatus,
1170 448 1239 502 ut
1282 439 1507 502 nemini
1532 457 1740 520 parere
1767 438 2002 501 animus
2029 438 2184 501 bene
2211 437 2564 502 informatus

405 547 437 590 a
467 536 675 590 natura
704 526 844 589 velit
872 525 985 587 nisi
1016 525 1448 607 [praecipienti]
1499 532 1603 586 aut
1645 524 1884 603 docenti
1935 533 2038 586 aut
2087 523 2357 586 utilitatis
2384 543 2563 587 causa

406 613 562 675 iuste
603 620 663 674 et
701 610 969 690 legitime
1006 611 1354 692 imperanti.
1382 628 1456 672 ex
1486 628 1607 691 quo
1636 594 1986 689 magnitudo
2013 609 2194 673 animi
2225 609 2423 672 existit
2448 611 2564 673 bu-

404 714 833 778 manarnmque
861 714 1062 758 rerum
1091 695 1480 776 contemptio.
1551 694 1675 757 Nec
1699 713 1838 758 vero
1869 693 1967 758 illa
1998 713 2173 777 parva
2201 695 2288 758 vis
2315 703 2562 759 naturae

410 790 502 846 est
528 782 912 862 rationisque,
943 781 1103 861 quod
1132 799 1318 843 unum
1347 783 1468 844 hoc
1496 778 1713 845 animal
1741 781 1926 843 sentit
1954 780 2096 861 quid
2125 780 2205 843 sit
2225 781 2393 855 orde,
2422 781 2563 863 quid
2592 790 2630 839 5

407 868 485 931 sit
526 867 686 948 quod
728 867 933 929 deceat
973 866 1038 929 in
1082 866 1250 928 factis
1280 866 1606 947 dictisque,
1633 866 1774 946 quid
1803 865 2033 928 modus.
2120 866 2325 947 Itaque
2355 884 2563 929 eorum

406 954 694 1034 ipsorum,
726 970 877 1032 quae
904 958 1147 1032 aspectu
1168 951 1531 1025 sentiuntur,
1555 950 1785 1013 nullum
1807 950 1967 1014 aliud
1985 951 2205 1015 animal
2225 951 2563 1034 pulchritu-

407 1038 627 1114 dinem,
667 1045 1053 1112 venustatem,
1094 1036 1568 1101 convenientiam
1608 1036 1865 1117 partium
1907 1035 2116 1101 sentitx
2147 1055 2328 1118 quam
2356 1037 2562 1099 simili-

358 1136 361 1139 ·
408 1123 675 1186 tudinem
720 1128 928 1183 natura
969 1121 1239 1202 ratioque
1267 1120 1340 1183 ab
1370 1122 1561 1187 oculis
1587 1122 1661 1184 ad
1689 1121 1953 1185 animum
1985 1123 2344 1185 transferens
2371 1122 2561 1187 multo

409 1208 586 1270 etiam
626 1206 815 1286 magis
856 1206 1394 1288 pulchritudinem,
1440 1207 1863 1283 constantiam,
1895 1207 2166 1270 ordinem
2209 1208 2272 1269 in
2301 1207 2568 1271 consiliis

408 1292 697 1373 factisque
725 1292 1123 1357 conservanda
1154 1300 1323 1373 putat
1342 1301 1632 1373 cavetque
1662 1311 1742 1354 ne
1768 1293 1910 1373 quid
1940 1292 2217 1356 indecore
2259 1293 2563 1356 effemina-

408 1386 539 1439 teve
565 1377 758 1453 t‘aciat‚
788 1385 916 1439 tum
944 1378 1009 1438 in
1038 1377 1317 1441 omnibus
1346 1386 1406 1441 et
1431 1377 1819 1460 opinionibus
1848 1386 1909 1441 et
1936 1377 2108 1441 factis
2138 1397 2214 1441 ne
2245 1379 2388 1460 qnid
2406 1378 2562 1442 lubi-

410 1462 623 1524 dinose
660 1471 763 1525 aut
804 1462 979 1536 faciat
1007 1470 1110 1525 aut
1138 1462 1375 1542 cogitet.
1463 1462 1693 1535 Quibus
1721 1482 1793 1524 ex
1819 1462 2000 1548 rebus
2028 1464 2320 1529 conflatur
2346 1472 2405 1526 et
2432 1465 2563 1529 effi-

412 1547 566 1630 citur
605 1547 685 1623 id,
729 1548 888 1628 quod
933 1547 1302 1629 quaerimus,
1331 1550 1681 1613 honestum.
1714 1549 1874 1628 quod
1903 1549 2077 1611 etiam
2107 1549 2158 1611 si
2190 1549 2564 1615 nobilitatum

411 1650 535 1695 non
577 1632 687 1709 sit,
727 1641 926 1695 tamen
970 1633 1288 1697 honestum
1332 1644 1441 1710 est,
1472 1634 1752 1716 quodque
1779 1653 1914 1697 vere
1943 1634 2216 1707 dicimus,
2245 1635 2419 1699 etiam
2450 1636 2501 1698 si
2529 1654 2563 1698 a

411 1717 578 1783 nullo
608 1717 898 1794 laudetur,
930 1727 1138 1782 natura
1168 1737 1297 1780 esse
1325 1719 1636 1783 laudabile.

436 1840 441 1847 ⁴
474 1840 531 1902 ‘1.
601 1852 815 1905 animus
832 1850 991 1902 bene
1036 1850 1369 1912 informatus
1402 1869 1438 1903 a
1542 1852 1784 1904 tudinem
1820 1867 2037 1903 cernere
2078 1868 2358 1920 possumus
2400 1855 2460 1904 in
2495 1855 2566 1903 iis

410 1923 632 1984 natura,
654 1918 702 1971 d.
722 1920 755 1971 i.
786 1921 917 1970 bene
931 1918 1218 1981 formatus.
1253 1920 1318 1972 (le
1337 1935 1435 1972 am.
1539 1924 1712 1987 aquis.
1744 1946 1815 1960 --
1846 1920 2052 1977 Ebenso
2070 1921 2206 1973 lehrt
2222 1920 2374 1974 Plato
2394 1936 2562 1989 symp.

415 1989 496 2051 13,
532 1989 597 2039 47
634 1990 807 2039 animi
841 1989 973 2041 bene
1006 1991 1314 2054 constituti,
1350 2004 1436 2042 wo
1540 2005 1582 2041 c.
1620 1991 1716 2054 28,
1761 1987 1882 2041 dass
1928 1988 2017 2043 der
2062 1987 2274 2043 Mensch
2319 2004 2426 2043 von
2474 1989 2565 2043 der

2610 1216 2668 1267 to

2605 1643 2668 1694 15

411 2053 594 2107 Nauck
629 2053 836 2107 anfuhrt
868 2054 986 2107 Hor.
1013 2070 1164 2108 carm.
1194 2055 1236 2108 11
1265 2060 1343 2121 10,
1375 2060 1436 2110 14
1538 2055 1735 2109 Frende
1782 2072 1848 2109 an
1895 2056 1986 2109 der
2032 2072 2243 2111 aussern
2278 2056 2564 2110 Schonheit
2602 2084 2609 2091 ·

413 2124 541 2173 bene
571 2127 961 2190 praeparatum
981 2128 1195 2242 letvetus.
1538 2140 1604 2178 zu
1638 2124 1755 2177 dem
1790 2123 2024 2178 Gefallen
2069 2141 2136 2178 an
2178 2125 2269 2178 der
2337 2125 2560 2193 eistigen

410 2256 532 2311 liebi
481 2191 1006 2330 Ζξζαθῖοἶῖξζῗιιιῑιῆ,
1012 2191 1314 2316 ἰοεξῗιιὲξῗιξῐ
1340 2193 1437 2315 ιιιὶιξι·
1536 2191 1809 2316 {liar-gg&
1817 2192 2184 2316 ‘igetlsiqtffitiqtieg
2193 2192 2564 2331 ρξεροοιὲιιέι

413 2326 503 2379 der
598 2326 853 2409 elehrung
907 2300 1030 2381 oder
1088 2329 1437 2396 gesetzlichen
1534 2328 1839 2392 fomur-um
1851 2333 2028 2397 speeie
2043 2347 2108 2383 ae
2124 2331 2393 2397 dignitate
2411 2337 2564 2383 tran-

412 2394 730 2462 Anordnung
788 2394 919 2449 wird
969 2396 1051 2449 ein
1086 2398 1302 2451 solcher
1349 2414 1437 2465 ge·
1532 2402 1698 2450 situm
1731 2404 1810 2449 est
1841 2399 1917 2450 ad
1938 2401 2266 2451 honestatem
2291 2401 2564 2453 dictorum

413 2462 665 2529 horchen‚
718 2463 894 2516 darum
939 2466 1030 2517 hat
1067 2469 1439 2534 praecipienti
1537 2471 1697 2532 atque
1729 2466 2025 2528 factorum.

414 2531 580 2586 neben
596 2531 812 2582 docenti
828 2532 935 2586 und
944 2534 1438 2614 imperantikeinen
1611 2538 1687 2589 12.
1738 2534 1942 2601 faciat,
1990 2541 2102 2587 tum
2136 2539 2196 2587 in
2231 2537 2477 2588 omnibus
2510 2543 2567 2588 et

416 2597 557 2651 Sinn.
594 2594 873 2653 Ueberdies
890 2600 1034 2654 hatte
1049 2601 1153 2656 Cic.
1166 2603 1436 2658 schreiben
1541 2607 1684 2683 opin.
1701 2608 1756 2654 et
1771 2573 1999 2665 factis’-
2021 2594 2197 2685 faciqt
2213 2610 2313 2655 aut
2331 2609 2563 2671 cogitet.-

410 2671 620 2720 mussen
652 2673 750 2720 aut
812 2685 955 2721 racc.
973 2672 1026 2719 et
1040 2670 1260 2721 docenti
1275 2669 1437 2724 dut-
1540 2671 1623 2723 die
1659 2670 1821 2725 Stelle
1856 2671 2041 2737 leidet,
2088 2672 2189 2725 wie
2231 2673 2473 2726 mancbes
2507 2673 2566 2725 in

410 2739 719 2819 imperanti.
751 2686 1216 2790 Wabrscheinlich
1202 2739 1439 2806 istprae·
1539 2738 1640 2793 den
1650 2739 1888 2793 Buchern
1905 2739 1970 2793 de
1981 2739 2086 2806 effi,
2104 2756 2172 2793 an
2188 2741 2331 2794 einer
2338 2740 2567 2808 lastigen

413 2808 512 2871 cip.
552 2803 629 2856 als
656 2802 943 2871 Erklarung
978 2820 1042 2856 zu
1078 2805 1309 2873 docenti,
1344 2807 1438 2861 das
1538 2807 1726 2861 Breite.
1774 2807 2058 2875 Heusinger
2072 2779 2256 2862 ’wollte
2284 2810 2461 2862 darum
2478 2809 2569 2862 die

413 2871 494 2923 fiir
560 2870 787 2923 sittliche
851 2869 1145 2941 Belehrung
1209 2876 1440 2942 weniger
1538 2874 1720 2928 Worte
1753 2875 1945 2941 faciat,
1990 2881 2104 2928 tum
2138 2882 2198 2929 in
2232 2880 2478 2930 omnibus
2511 2883 2572 2928 et

450 2938 639 2992 assend
680 2939 807 2992 oder
854 2938 1083 2993 deutlich
1127 2942 1332 3010 scbien,
1382 2944 1438 2996 in
1540 2946 1885 3011 opinionibus
1919 2950 1972 2996 et
2002 2943 2167 3007 factis·
2201 2947 2473 3002 sti-eichen.

446 3021 514 3059 en
549 3005 683 3059 Text
716 3007 2085 3074 gekommen.14.nobilitatum
2117 3039 2186 3060 -
2219 3015 2566 3067 multitudini

482 3077 530 3127 3.
569 3076 928 3128 humanarum
961 3091 1147 3129 rerum
1165 3103 1235 3125 ==
1262 3086 1440 3131 σιτίον·
1531 3083 1842 3147 probatum,
1866 3081 1919 3133 in
1943 3080 2061 3134 dem
2086 3081 2245 3135 Sinne
2267 3098 2371 3136 von
2393 3087 2568 3135 omni-

414 3157 626 3196 narwm.
700 3143 771 3198 So
819 3144 1027 3198 werden
1075 3147 1175 3200 alle
1226 3163 1438 3201 aussern
1539 3151 1635 3206 bus
1667 3155 1856 3201 notum
1904 3150 2044 3203 steht
2078 3165 2134 3203 es
2168 3150 2210 3202 ΙΙ
2244 3152 2279 3216 5
2315 3154 2398 3206 26.
2467 3150 2562 3204 Die

415 3211 573 3264 Gfiter
585 3211 691 3265 und
706 3211 885 3280 Uebel,
904 3213 1069 3266 Glnck
1079 3215 1185 3267 und
1197 3215 1439 3283 Unglfick
1540 3216 1748 3270 Stoiker
1792 3218 1991 3270 lehi-ten
2046 3219 2119 3270 im
2161 3217 2454 3300 Gegensatz
2494 3234 2564 3272 zu

413 3280 485 3334 im
504 3279 577 3334 Ge
615 3286 791 3335 ensatz
816 3298 909 3335 ιιιι·
933 3281 1150 3350 Tugend
1181 3290 1437 3352 genannt;
1538 3284 1750 3352 Epikur,
1785 3284 1904 3339 dass
1941 3285 2031 3339 das
2066 3287 2348 3340 honestum
2382 3280 2563 3367 φύσει,

414 3364 454 3401 s.
490 3347 549 3401 Ei
552 3293 620 3401 ιιῗ
658 3351 689 3414 ξ
730 3354 807 3403 17.
1539 3353 1682 3405 nicht
1717 3352 1876 3406 θέσει
1911 3354 2002 3418 sei,
2039 3353 2089 3412 d.
2111 3354 2159 3407 h.
2197 3355 2319 3408 dass
2351 3354 2436 3408 die
2459 3354 2565 3407 Tu-

485 3421 532 3470 7.
586 3422 803 3484 expecta
836 3425 969 3473 sent.
1037 3419 1113 3474 Da
1159 3419 1252 3474 das
1287 3420 1438 3474 Wort
1540 3422 1677 3488 gend
1728 3421 1891 3475 ihrem
1944 3421 2137 3476 Wesen
2187 3424 2348 3489 nach,
2402 3423 2565 3476 unab-

416 3433 679 3538 visibilis
696 3502 761 3540 ιιι
808 3483 908 3540 Cic.
955 3488 1068 3541 Zeit
1114 3488 1247 3541 noch
1295 3489 1439 3542 nicht
1539 3489 1734 3557 biiugig
1764 3506 1869 3544 von
1904 3489 2021 3543 dem
2044 3489 2273 3544 Urtheile
2310 3462 2399 3544 d’et
2408 3490 2567 3544 ⁹·Men

414 3554 485 3606 im
520 3553 784 3607 Gebrauch
834 3571 967 3623 war,
1019 3556 1335 3612 umschreibt
1382 3572 1438 3610 er
1540 3558 1714 3622 seben,
1750 3557 1843 3612 das
1866 3557 2000 3612 Gute
2033 3557 2138 3611 und
2160 3559 2565 3614 Lobenswerthe

415 3621 514 3675 den
548 3619 742 3690 Begriff
774 3622 868 3678 aut*
897 3597 1038 3686 diese
1073 3623 1265 3678 Weise.
1540 3625 1646 3689 seh
1679 3597 1743 3679 d'e
1762 3624 1850 3682 fin.
1870 3625 1913 3678 11
1936 3631 2013 3693 15,
2032 3628 2098 3680 49
2125 3628 2270 3693 quod
2289 3630 2366 3680 sit
2386 3630 2564 3693 ipsum

485 3692 532 3744 8.
605 3706 765 3760 quam
818 3694 1260 3759 similitudinem,
1315 3693 1364 3746 d.
1399 3694 1435 3747 i.
1532 3711 1636 3761 per
1657 3712 1716 3746 ee
1736 3699 1943 3750 reatum
1960 3699 2124 3762 atque
2141 3695 2564 3761 laudabile„non

417 3761 569 3810 cuim
600 3764 684 3812 rei
703 3760 1132 3826 similitudinem,
1168 3732 1260 3816 die
1284 3761 1438 3816 ι--Αιιιι
1541 3766 1735 3817 obeam
1753 3779 1969 3816 causam
1988 3768 2165 3816 tamen
2178 3764 2321 3818 illud
2330 3765 2442 3816 dici
2454 3780 2566 3815 esse

416 3826 554 3894 logie
571 3828 778 3883 bierzu’.
815 3829 879 3884 de
898 3829 985 3884 fin.
1005 3829 1052 3880 V
1076 3833 1155 3895 15,
1173 3832 1239 3883 42
1276 3846 1437 3897 quam
1540 3833 1849 3897 honestum,
1951 3836 2010 3886 ia
2032 3832 2338 3885 laudetur-a
2360 3833 2567 3897 multis,

413 3896 826 3948 similitudinem
862 3898 1102 3950 videmus
1144 3903 1203 3949 in
1240 3899 1435 3951 bestiis.
1536 3900 1632 3951 sed
1664 3903 1793 3966 quia
1829 3848 1949 3951 taff
1967 3903 2064 3966 sit,
2098 3906 2176 3967 ut,
2212 3901 2297 3954 vol
2323 3906 2373 3952 si
2408 3904 2568 3967 igno·

414 3962 479 4016 de
503 3970 606 4018 nat.
633 3964 769 4018 deor.
788 3964 830 4016 11
854 3967 933 4032 10,
952 3968 1015 4019 27
1054 3982 1214 4033 quam
1247 3967 1439 4019 simili·
1539 3973 1729 4020 rorent
1773 3968 1835 4019 id
1879 3938 2118 4021 homines
2163 3970 2248 4022 vel
2283 3973 2334 4020 si
2380 3970 2565 4022 obmu-
