2813 4537
138 1248 202 1301 10

858 292 943 345 DE
980 291 1242 347 orFtcns
1276 292 1395 348 un.
1428 293 1465 349 1.
1536 293 1678 348 CAP.
1715 297 1764 350 3.

2310 292 2393 356 37

239 467 377 527 dam
400 465 662 528 officium
686 465 904 528 dieitur
926 474 986 527 et
1000 466 1349 547 perfeetum.
1379 466 1714 530 Perfectum
1729 467 1992 532 officium
2005 472 2400 553 rectum‚opi·

242 567 377 628 nor,
398 566 697 627 vocemus,
721 551 1002 634 quoniam
1026 550 1234 615 Graeci
1253 548 1695 634 κατόρθωμα,
1719 554 1834 616 hoe
1854 562 2050 617 autem
2081 574 2401 619 commune

243 636 509 700 officium
532 640 844 722 καθῆκον
858 645 1090 700 vocant.
1118 639 1330 720 'Atque
1351 655 1421 700 ea
1441 636 1528 701 sie
1548 637 1861 713 definiunt,
1879 647 1964 717 ut,
1986 649 2216 704 rectum
2239 642 2399 723 quod

243 724 341 800 sit,
370 724 431 786 id
460 723 723 786 officium
754 723 1081 804 perfeetum
1112 740 1241 786 esse
1269 723 1587 800 definiant3
1618 724 1878 786 medium
1908 733 2104 788 autem
2135 727 2397 789 officium
2475 764 2480 779 ι

243 809 303 872 id
333 827 467 872 esse
495 808 721 885 dieunt,

751 809 912 890 quod
941 826 1050 870 eur
1078 808 1299 871 tactum
1333 809 1415 872 sit
1439 807 1590 871 ratio
1620 809 1946 891 probabilis
1973 812 2138 873 reddi
2169 812 2399 893 possitl.
2442 822 2474 873 9

241 893 483 977 Triplex
525 895 705 974 igitur
750 902 857 970 est,
899 902 963 955 ut
1006 893 1287 956 Panaetio
1330 894 1582 968 videtur,
1614 894 1848 958 consilii
1878 896 2146 978 capiendi
2177 897 2399 960 delibe-

240 980 415 1043 ratio.
487 979 635 1043 Nam
663 987 768 1043 aut
793 980 1190 1042 honestumne
1220 981 1378 1043 iaetu
1411 980 1489 1042 sit
1515 997 1592 1042 an
1623 987 1799 1062 turpe
1827 979 2100 1044 dubitant
2128 981 2209 1058 id,
2239 983 2402 1063 quod

242 1065 307 1128 in
353 1064 836 1128 deliberationem
879 1065 1062 1127 cadit:
1114 1064 1178 1126 in
1227 1082 1348 1147 quo
1399 1064 1831 1128 considerando
1880 1085 2055 1148 saepe
2106 1067 2289 1130 animi
2339 1068 2402 1129 in

245 1150 575 1214 contrarias
613 1150 943 1213 sententias
982 1150 1408 1214 distrahuntur.
1494 1149 1648 1213 Tum
1689 1160 1888 1214 autem
1937 1160 2040 1215 aut
2078 1153 2406 1234 anquirunt

246 1246 351 1300 aut
379 1236 722 1299 consultant
748 1235 823 1299 ad
850 1235 1001 1298 vitae
1029 1236 1505 1299 commoditatem
1535 1235 2102 1318 iucunditatemque,
2123 1239 2195 1300 ad
2219 1237 2406 1301 facul-

244 1330 396 1385 tates
442 1339 643 1384 rerum
692 1329 871 1403 atque
922 1321 1144 1402 copim,
1193 1322 1267 1384 ad
1309 1340 1458 1405 opes
1496 1322 1571 1383 ad
1614 1321 1960 1403 potentiam,
1992 1322 2210 1404 quibus
2252 1332 2310 1386 et
2339 1343 2405 1386 se

243 1405 480 1489 possint
521 1405 721 1469 iuvare
762 1415 822 1468 et
862 1424 1036 1481 suos,
1081 1407 1374 1471 conducat
1414 1406 1472 1469 id
1520 1424 1741 1483 necne,
1785 1407 1857 1469 de
1887 1424 2008 1489 quo
2038 1407 2399 1471 deliberant:

245 1511 398 1575 quae
427 1491 772 1556 deliberatio
804 1491 1002 1556 omnis
1029 1492 1094 1554 in
1122 1492 1415 1555 rationem
1443 1491 1715 1557 utilitatis
1742 1492 1915 1555 eadit.
1990 1492 2261 1557 Tertium
2292 1494 2403 1558 du-

313 1663 495 1728 Atque
508 1665 672 1713 etiam
685 1662 826 1715 alia.-
841 1660 1049 1715 bezieht
1061 1661 1171 1715 sich
1184 1660 1277 1714 auf

247 1732 424 1782 omnis
459 1729 525 1782 de
548 1730 639 1795 affl
665 1730 868 1798 dupleoe
902 1734 981 1781 est
1013 1733 1273 1796 quaestio,

283 1803 393 1852 asst
439 1797 563 1851 aber
612 1798 755 1851 nieht
788 1798 918 1851 dazu
1000 1797 1120 1849 weil
1156 1796 1274 1850 dort

284 1866 401 1920 eine
424 1865 759 1934 Eintheilung
791 1866 881 1919 der
906 1837 1161 1918 l3flichten
1187 1879 1275 1931 ge·

247 1936 433 2002 geben,
452 1934 673 1988 sondern
692 1950 788 1988 nur
804 1949 908 1988 von
928 1933 1019 1987 der
1032 1932 1276 1986 Abhand-

245 2004 376 2071 lung
408 2003 538 2057 uber
570 2002 655 2056 die
680 2002 935 2057 Pflichten
969 2006 1154 2071 gesagt
1186 2001 1274 2067 ist,

247 2071 368 2126 dass
415 2072 491 2126 sie
537 2071 689 2126 einen
739 2071 1118 2125 theoretischen
1167 2070 1272 2124 und

245 2139 580 2209 praktisehen
615 2139 766 2194 Theil
802 2138 1047 2193 enthalte.

315 2212 361 2264 2.
389 2212 490 2262 Ιιοο
509 2213 690 2261 autem
706 2238 748 2248 —
768 2213 977 2261 vocant.
1003 2205 1272 2274 καθῆκον,

244 2277 338 2331 das
385 2279 439 2331 in
491 2278 592 2332 den
638 2277 1034 2332 Handschristen
1089 2290 1273 2344 ausge-

244 2346 515 2412 inueniat,
549 2345 689 2400 kann
724 2346 867 2400 nicht
892 2346 1081 2412 semen,
1116 2344 1181 2397 da
1205 2360 1271 2397 zu

244 2420 444 2467 vocant
495 2413 713 2480 Subject
767 2414 960 2467 Graeci
1010 2414 1095 2467 ist.
1178 2412 1269 2464 Die

245 2482 456 2537 Stoiker
523 2483 784 2536 brauehen
864 2480 1117 2548 καθῆκον
1189 2480 1271 2533 fiir

286 2554 415 2605 ε’σον
448 2549 716 2617 καθῆκον,
768 2567 810 2604 s,
845 2550 977 2605 Einl.

298 2635 366 2674 an
401 2624 646 2673 erwartet
677 2619 800 2672 aber
830 2622 957 2673 statt
992 2620 1094 2670 Ιιοο
1114 2617 1272 2682 illud,

242 2689 309 2742 da
327 2704 386 2742 es
403 2687 515 2742 sich
539 2688 629 2741 auf
644 2687 744 2741 den
767 2686 1051 2740 entfemter
1066 2685 1272 2739 stehen·

242 2756 345 2810 den
391 2755 592 2824 Begrifl‘
629 2755 864 2817 bezieht;
923 2757 1026 2806 Ιιοο
1069 2752 1273 2807 soheint

244 2829 450 2892 gesetzt
472 2840 537 2878 ιιι
560 2824 689 2891 sein,
726 2823 846 2876 weil
876 2822 971 2877 das
994 2837 1274 2875 commune

243 2892 494 2957 officium
528 2893 620 2947 das
643 2892 698 2946 in
733 2891 910 2945 diesen
934 2890 1172 2944 Buchern
1206 2906 1272 2943 zu

243 2960 603 3015 behandelnde
637 2960 724 3014 ist.

314 3033 364 3084 3.
398 3033 480 3083 sic
501 3029 794 3094 definiunt,
829 3034 893 3080 ut
914 3056 959 3067 -
986 3027 1271 3090 definiant.

242 3098 530 3154 Aehnliehe
554 3094 1074 3164 Weitsehweifigkeit
1109 3093 1271 3148 findet

244 3167 356 3220 sich
398 3182 539 3221 zwar
583 3164 761 3234 haufig
805 3165 859 3218 in
892 3163 1269 3217 Definitionen:

243 3235 370 3289 aber
404 3250 557 3289 wenn
581 3235 683 3288 Cic.
704 3236 822 3301 §96
859 3238 1004 3301 sagt:
1040 3248 1158 3283 eam
1192 3236 1271 3284 sie

242 3304 534 3369 definiunt,
567 3310 634 3355 ut
655 3331 698 3342 -
724 3303 893 3355 velint
910 3318 1034 3366 me,
1070 3300 1194 3353 oder
1209 3298 1272 3352 111

242 3373 278 3437 θ
298 3375 365 3426 20
401 3373 676 3424 licentiam
700 3372 815 3438 dat,
837 3375 902 3422 ut
924 3399 965 3409 -
994 3370 1171 3432 liceat,
1210 3383 1271 3420 so

242 3440 315 3493 iat
349 3439 483 3494 doeh
518 3440 611 3494 das
646 3440 780 3494 noch
815 3444 981 3493 etwas
1016 3452 1147 3505 ganz
1167 3435 1272 3489 An-

243 3507 410 3562 ἀοι-οε.
450 3507 601 3561 Diese
621 3506 900 3561 Definition
917 3506 986 3560 ist
1003 3506 1174 3558 niehts
1192 3503 1270 3559 als

242 3576 360 3631 eine
409 3575 814 3643 Wiederholung
865 3573 956 3628 der
1003 3573 1135 3627 eben
1182 3587 1270 3640 ge-

243 3645 493 3779 fimi-²2,
525 3641 1268 3766 Riiiff‘tiiafffwm

315 3784 366 3835 5.
435 3782 581 3849 quod
625 3798 725 3834 cur
767 3781 978 3844 factum
1015 3782 1088 3830 sit
1120 3782 1270 3830 ratio

311 3850 542 3904 chabilis
574 3850 733 3902 reddi
756 3852 950 3917 possit.
1029 3846 1268 3900 Dieselbe

318 3917 522 3973 finition
556 3917 815 3972 brauehen
851 3917 934 3971 die
958 3914 1167 3969 Stoiker
1190 3914 1273 3967 fiir

241 3987 327 4041 die
351 3985 544 4040 Pflicht
575 3986 647 4039 im
671 3985 1025 4054 Allgemeinen
1061 3987 1122 4052 (s,
1141 4000 1192 4038 ο.
1216 4000 1267 4038 ιι.

1014 2551 1046 2615 ξ
1082 2552 1164 2602 20.
1202 2577 1294 2612 --,

1375 1662 1409 1726 ξ
1451 1663 1585 1726 101).
1652 1660 1796 1714 Doch
1831 1661 1962 1714 lieet
2008 1661 2084 1715 sie
2125 1662 2236 1714 sich
2272 1663 2404 1716 auch

1376 1727 1467 1780 auf
1502 1729 1595 1783 das
1626 1731 1799 1797 μέσον
1815 1727 2066 1795 καθῆκον
2101 1730 2403 1796 anwenden,

1375 1811 1531 1850 wenn
1576 1797 1687 1850 dies
1734 1796 1805 1849 im
1854 1796 2142 1864 Gegensatz
2191 1814 2255 1850 zu
2302 1797 2404 1850 den

1377 1863 1471 1917 aus
1498 1864 1590 1917 der
1624 1864 1955 1918 vollendeten
1980 1864 2280 1933 Gesinnung
2313 1864 2404 1917 be-

1375 1933 1642 1987 mhenden
1692 1932 2030 1999 Handlungen
2045 1972 2059 1999 ‚
2112 1928 2403 2004 κατορθώ-

1376 2019 1546 2070 ματα,
1581 2001 1736 2056 steht.

1427 2091 1492 2141 ,7.
1548 2086 1690 2140 Nam
1726 2093 1855 2140 aut.-
1890 2091 2019 2142 statt
2051 2087 2144 2140 des
2181 2087 2404 2141 zweiten

1374 2161 1476 2208 aut
1522 2155 1658 2224 folgt
1710 2161 1826 2207 tum
1877 2161 2058 2207 autem
2109 2155 2216 2208 und
2267 2154 2404 2208 dann

1375 2226 1599 2277 tertium
1633 2224 1926 2277 dubitandi
1941 2240 2150 2291 genua,-
2185 2222 2404 2291 derglei-

1373 2293 1506 2346 chen
1529 2293 1954 2360 Abweiehungen
1977 2309 2083 2346 von
2106 2292 2196 2345 der
2218 2291 2293 2345 Re
2331 2292 2404 2345 el-

1371 2360 1693 2428 mfissigkeit‚
1728 2377 1816 2413 um
1840 2360 1924 2413 die
1946 2360 2088 2414 Rede
2117 2360 2263 2413 mehr
2321 2375 2403 2413 em

1373 2428 1521 2484 Tone
1573 2428 1665 2482 der
1711 2428 2190 2498 Umgangsspraehe
2246 2443 2404 2482 anzu-

1373 2496 2314 2619 823⁸51¹3310fi⁹sffli¹211⁸³3¹211¹1¹ffi³²<¹2³1522
2347 2497 2403 2618 ²¹3

2315 2581 2373 2618 ro

1373 2580 1701 2701 nnzahligeff¹
1714 2649 1756 2686 s.
1792 2648 1837 2686 ι.
1874 2632 1907 2699 ξ
1929 2634 2013 2686 44.

1445 2720 1493 2773 9.
1514 2723 1613 2771 aut
1628 2721 1929 2784 anquirunt
1945 2722 2044 2770 aut
2067 2715 2405 2768 consultant.-

1374 2782 2405 2909 wintoniamafflata

1702 2895 1716 2920 9

1373 2922 1773 2977 senachaftliche
1821 2922 2144 2989 Forsehung‚
2194 2922 2403 2974 consul-

1374 2997 1495 3044 tare
1538 2992 1786 3046 bedentet
1832 2991 1944 3043 ‘mit
1977 2990 2088 3044 sich
2134 3005 2200 3043 zu
2233 2988 2402 3043 Rathe

1375 3061 1575 3128 gehen’.
1595 3060 1687 3113 Die
1701 3059 2005 3128 Synonyma
2018 3057 2226 3111 werden
2239 3058 2401 3111 durch

1373 3134 1474 3181 aut
1493 3158 1537 3167 —
1565 3133 1665 3180 aut
1696 3126 2011 3193 verbunden,
2046 3126 2138 3180 das
2163 3126 2305 3178 mehr
2327 3126 2401 3178 im

1373 3197 1664 3265 Gegensatz
1719 3194 1824 3249 und
1858 3195 1944 3248 bei
1979 3193 2206 3247 soharfer
2239 3192 2398 3246 Treu-

1372 3280 1517 3332 nung
1550 3265 1641 3317 der
1675 3262 1897 3331 Begrifl'e
1933 3262 2216 3330 gebraueht
2252 3261 2398 3314 wird.

1370 3333 1391 3385 1
1428 3333 1462 3400 ξ
1499 3336 1566 3386 44
1621 3347 1784 3399 quam
1818 3336 1919 3383 aut
1952 3330 2272 3383 liberalitati
2304 3335 2406 3382 aut

1373 3403 1661 3454 honestati.
1713 3400 1746 3467 ξ
1766 3403 1833 3455 66
1869 3404 1971 3453 aut
2003 3400 2271 3452 admirari
2304 3404 2405 3450 aut

1373 3475 1567 3537 optare
1601 3473 1702 3521 aut
1734 3472 1999 3537 expetere.

1450 3557 1526 3608 10.
1559 3553 1854 3616 facultates
1875 3567 2058 3605 rerum
2073 3592 2086 3618 ‚
2112 3552 2193 3605 die
2210 3549 2400 3617 Mittel,

1371 3622 1468 3677 mit
1491 3623 1659 3676 denen
1692 3638 1811 3675 man
1847 3621 1958 3675 sich
1995 3621 2077 3673 die
2098 3619 2262 3687 Dinge
2285 3633 2401 3672 ver-

1373 3691 1602 3746 sehafl'en
1636 3690 1792 3756 kann,
1828 3690 1919 3742 das
1950 3688 2259 3756 Vermogen‚
2296 3688 2398 3741 wie

1369 3760 1662 3823 facultates
1696 3757 1851 3812 allein
1889 3758 1922 3824 5
1960 3759 2041 3811 22.
2083 3755 2126 3808 11
2160 3757 2190 3824 5
2233 3760 2274 3809 l.
2317 3760 2397 3810 15.

1444 3847 1522 3899 13.
1571 3847 1630 3896 in
1664 3847 1934 3896 rationem
1970 3842 2143 3907 eadit,
2196 3840 2310 3894 saillt
2343 3840 2397 3892 in

1367 3912 1698 4034 flgaotigbiet.
1735 3911 1769 3980 5
1792 3914 1856 3967 76
1890 3927 1961 3963 ex
1995 3911 2287 3963 domestica
2321 3912 2403 3959 est
