2813 4537
252 1370 311 1421 26

355 254 481 317 136
966 257 1052 310 DE
1089 256 1350 311 OFFICIIS
1385 257 1505 310 LIB.
1540 258 1597 310 11.
1668 256 1809 310 CAP.
1848 261 1897 310 7.

357 433 512 495 ciatu
560 431 785 493 timoris
829 431 965 511 angi
1010 431 1270 505 solitum,
1317 431 1420 511 qui
1464 430 1688 493 cultros
1730 438 2002 515 metuens
2032 432 2334 504 tonsorios
2362 451 2504 495 can-

356 519 533 579 dente
576 517 832 579 carbone
874 516 986 577 sibi
1025 517 1307 578 adurebat
1345 514 1668 597 capillum?
1727 516 1866 597 quid
1913 516 2305 579 Alexandrum
2349 517 2502 580 Phe·-

355 621 580 678 raeum,
612 621 730 683 quo
761 602 958 664 animo
986 602 1196 664 vixisse
1231 600 1632 664 arbitramur?
1657 603 1786 682 qui,
1816 610 1884 663 ut
1913 602 2197 682 scriptum
2231 603 2502 682 legimus,

357 708 492 752 cum
524 706 766 766 uxorem
798 687 1039 748 Theben
1072 688 1383 764 admodum
1416 686 1703 765 diligeret,
1730 691 1930 748 tamen
1957 688 2029 748 ad
2060 706 2188 749 eam
2217 706 2288 749 ex
2311 688 2504 769 epulis

355 774 417 836 in
449 772 789 836 cubiculum
819 772 1063 834 veniens
1091 772 1404 834 barbarum
1438 781 1496 833 et
1525 790 1659 834 eum
1689 772 1947 852 quidem,
1984 780 2051 834 ut
2080 773 2367 853 scriptum
2397 783 2503 845 est,
2530 782 2564 832 5
2664 804 2668 807 -

357 867 780 939 compunctum
846 858 1008 919 notis
1049 857 1350 919 Thraeciis
1398 857 1676 919 destricto
1732 857 1923 937 gladio
1981 857 2220 920 iubebat
2274 859 2502 922 anteire

357 943 887 1024 praemittebatque
931 943 1004 1004 de
1045 942 1429 1024 stipatoribus
1471 942 1593 1004 suis
1650 942 1750 1022 qui
1810 951 2217 1006 scrutarentur
2277 944 2505 1005 arculas

356 1029 676 1092 muliebres
706 1038 764 1090 et
790 1046 868 1090 ne
898 1028 1054 1107 quod
1087 1028 1148 1089 in
1181 1027 1543 1088 vestimentis
1571 1027 1754 1089 telum
1798 1028 2191 1090 occultaretur
2231 1029 2503 1109 exquire·

355 1124 508 1186 rent.
570 1113 619 1174 Ο
650 1113 952 1187 miserum,
996 1113 1097 1193 qui
1138 1112 1463 1174 fideliorem
1494 1121 1551 1174 et
1580 1112 1893 1176 barbarum
1924 1123 1983 1175 et
2010 1113 2360 1192 stigmatiam
2391 1133 2503 1194 pu·-

356 1209 507 1264 taret
552 1217 727 1279 quam
773 1197 1122 1277 coniugeml
1194 1197 1316 1262 Nec
1360 1216 1494 1258 eum
1536 1197 1769 1272 fefelli13
1815 1198 1888 1259 ab
1933 1216 2001 1260 ea
2044 1207 2133 1259 est
2176 1199 2332 1262 enim
2375 1199 2503 1280 ipsa

2549 1167 2638 1258 ω’

358 1292 608 1366 propter
636 1283 956 1364 paelicatus
983 1282 1370 1364 suspitionem
1402 1282 1767 1348 interfectus·
1809 1283 1933 1344 Nec
1963 1302 2099 1345 vero
2131 1283 2247 1345 ulla
2277 1285 2364 1345 vis
2393 1284 2503 1345 im-
2563 1285 2574 1297 ⁰

357 1369 505 1451 perii
537 1377 695 1430 tanta
726 1377 836 1444 est,
867 1388 1017 1449 quae
1045 1376 1356 1450 premente
1385 1378 1546 1429 metu
1579 1369 1769 1449 possit
1801 1387 1929 1429 esse
1957 1368 2253 1438 diuturna.
2314 1369 2504 1431 Testis

358 1463 448 1516 est
488 1453 768 1528 Phalaris,
815 1454 986 1516 cuius
1026 1461 1116 1515 est
1146 1461 1377 1534 praeter
1406 1461 1636 1515 ceteros
1681 1453 1983 1516 nobilitata
2028 1454 2358 1528 crudelium,
2397 1454 2503 1535 qui

360 1558 483 1602 non
516 1558 585 1599 ex
616 1538 844 1599 insidiis
873 1538 1096 1601 interiit
1126 1547 1188 1600 ut
1218 1538 1288 1613 is,
1320 1557 1495 1618 quem
1527 1539 1704 1599 modo
1735 1538 1855 1600 dixi
1885 1538 2275 1617 [Alexander],
2318 1558 2439 1600 non
2471 1558 2502 1600 a

358 1624 565 1707 paucis
593 1633 658 1685 ut
686 1623 785 1686 hic
816 1633 1036 1698 noster,
1069 1625 1168 1686 sed
1199 1624 1261 1684 in
1299 1643 1473 1703 quem
1507 1624 1777 1686 universa
1801 1624 2323 1703 Agrigentinorum
2351 1625 2504 1686 mul-

357 1710 547 1771 titudo
591 1709 876 1789 impetum
919 1709 1076 1770 fecit.
1138 1707 1332 1781 Quid?
1390 1709 1744 1771 Macedones
1782 1728 1986 1771 nonne
2011 1709 2379 1774 Demetrium
2411 1729 2505 1772 re·-

359 1795 670 1875 liquerunt
698 1794 1074 1875 universique
1103 1814 1168 1857 se
1196 1794 1267 1856 ad
1293 1793 1584 1874 Pyrrhum
1614 1792 2039 1857 contulerunt?
2084 1793 2280 1864 Quid?
2324 1795 2507 1857 Laee-

357 1961 480 2014 Bart
527 1961 903 2014 abzuscheeren
951 1962 1224 2026 benutzte,
1276 1961 1382 2013 und

358 2031 548 2097 spata,
575 2030 651 2081 als
669 2044 725 2080 er
750 2030 878 2082 auch
902 2030 1056 2081 ihnen
1079 2030 1220 2082 nicht
1237 2030 1382 2082 mehr

357 2103 554 2163 traute,
609 2097 719 2148 sich
771 2113 875 2150 von
926 2097 1080 2150 ihnen
1125 2098 1224 2150 den
1259 2096 1381 2150 Bart

358 2166 620 2231 absengen
654 2165 794 2217 hese.

427 2236 477 2288 2.
516 2233 826 2285 Alexander
859 2248 962 2286 von
987 2232 1207 2298 Pherae,
1244 2234 1385 2287 einer

358 2300 447 2354 der
458 2302 771 2368 Nachfolger
783 2301 873 2354 des
891 2302 956 2367 lg
975 2305 1068 2355 108
1085 2303 1383 2356 erwahnten

355 2369 503 2426 Iason
519 2410 533 2436 ,
559 2370 743 2425 dessen
767 2369 989 2423 Tochter
1011 2370 1189 2423 Thebe
1213 2386 1270 2423 er
1292 2387 1383 2424 zur

355 2438 487 2491 Frau
521 2440 680 2491 hatte.
744 2436 839 2490 Die
874 2438 1142 2492 Thebaner
1176 2439 1381 2492 ffihrten

358 2521 523 2573 gegen
558 2507 647 2559 ihn
679 2506 940 2559 mehrfach
964 2507 1173 2574 Kriege,
1210 2508 1380 2560 wobei

354 2574 687 2628 bekanntlich
738 2574 1013 2642 Pelopidas
1065 2574 1154 2627 fiel
1199 2576 1379 2639 (364).

359 2642 513 2696 Seine
525 2643 793 2696 Gemahlin
808 2643 1008 2696 tfidtete
1022 2644 1111 2695 ihn
1125 2643 1381 2696 mitHfilfe

356 2711 494 2764 ihrer
515 2711 732 2778 Brfider‚
769 2712 923 2764 deren
948 2713 1087 2763 einer
1111 2712 1220 2764 sich
1246 2712 1381 2764 dann

358 2779 448 2832 der
466 2779 721 2847 Tyrannis
744 2779 1106 2846 bemfichtigte.
1143 2780 1380 2847 Xenoph.

356 2846 555 2899 Hellen.
590 2846 657 2897 Vl
691 2850 752 2910 4,
789 2851 869 2900 35.

428 2919 475 2968 ὃ.
515 2920 891 2982 compunctum
920 2919 1068 2966 notis
1091 2915 1381 2981 Thraeciis,

358 2982 619 3047 tatewirt,
669 2982 769 3035 wie
813 2983 922 3036 dies
966 2983 1049 3035 die
1083 2983 1258 3036 Weise
1294 2984 1383 3037 der
1425 2998 1428 3001 ·

359 3050 590 3103 Thraker
624 3066 734 3103 war
769 3051 984 3116 (Herod.
1020 3051 1067 3102 V
1103 3056 1133 3104 6
1181 3055 1272 3102 καὶ
1314 3049 1381 3104 τὸ

357 3122 461 3186 μὲν
495 3117 751 3183 ἐστίχθαι
786 3117 991 3190 εὐγενὲς
1024 3123 1281 3190 κέκριται,
1317 3117 1381 3172 τὸ

360 3184 421 3240 δὲ
453 3183 718 3240 ἄστικτον
751 3183 786 3239 ἆ
821 3190 970 3252 ενέε).
1030 3188 1122 3241 Die
1157 3187 1383 3240 Rohheit

357 3255 464 3309 und
486 3255 778 3308 Schrecklic
816 3255 925 3309 keit
961 3257 1051 3309 des
1086 3256 1380 3322 Menschen,

357 3324 610 3376 welchem
636 3324 724 3376 der
743 3324 951 3392 Tyrann
976 3325 1121 3377 mehr
1144 3331 1281 3378 traut
1304 3325 1381 3376 als

360 3393 529 3445 seiner
576 3392 774 3458 Gattin,
823 3392 953 3444 wird
999 3393 1158 3446 durch
1205 3393 1379 3446 diesen

358 3461 545 3527 Zusatz
581 3460 930 3515 versinnlicht.

431 3533 510 3583 10.
546 3528 658 3581 Nee
675 3545 795 3580 eum
821 3527 1038 3595 fefellit,
1073 3544 1128 3580 er
1146 3529 1383 3581 tauschte

360 3598 469 3651 sich
505 3597 663 3650 nicht.
721 3597 915 3659 tallere
948 3597 1019 3649 ist
1052 3596 1382 3664 impersonell

361 3666 656 3733 gebraucht‚
677 3665 778 3717 wie
795 3665 860 3718 ad
879 3665 999 3718 fam.
1015 3664 1082 3716 IV
1103 3667 1150 3730 2,
1164 3668 1384 3730 3.qmm·

359 3739 473 3785 tum
505 3750 606 3784 nos
637 3732 898 3796 fefellerit
936 3738 987 3784 et
1014 3748 1178 3798 quem
1212 3736 1275 3784 in
1309 3733 1385 3783 lo·

360 3817 480 3854 cum
496 3818 582 3853 res
598 3802 827 3853 deducta
844 3804 916 3853 sit
940 3802 1104 3853 vides.
1141 3800 1207 3852 ad
1223 3801 1382 3853 Attio.

358 3868 475 3920 XIV
514 3871 594 3935 12,
614 3871 645 3921 2
679 3869 773 3921 sed
806 3886 928 3935 nos,
963 3873 1072 3921 nisi
1103 3885 1186 3920 me
1217 3867 1384 3936 fallit,

359 3939 664 3990 tacebimus.

1558 1964 1634 2014 13.
1671 1962 1941 2026 Phalaris,
1977 1959 2185 2029 Tyr-ann
2222 1978 2326 2015 von
2360 1962 2512 2029 Agri-

1487 2035 1637 2095 gent,
1683 2030 1735 2081 in
1772 2029 1977 2083 der-58.
2016 2030 2147 2081 nach
2181 2030 2418 2082 Anderen
2454 2031 2508 2082 in

1487 2096 1575 2150 der
1620 2101 1700 2150 31.
1749 2096 1951 2165 Olymp.
2033 2097 2314 2150 Historisch
2369 2100 2511 2150 steht

1484 2166 1612 2217 fiber
1647 2166 1733 2218 ibn
1770 2166 1888 2217 sehr
1922 2166 2094 2232 wenig
2121 2165 2238 2220 fest.
2273 2165 2366 2217 Die
2389 2165 2511 2217 Phi-

1484 2234 1738 2301 losophen
1762 2234 1866 2287 und
1889 2233 2091 2287 Redner
2116 2234 2395 2288 benutzten
2418 2234 2511 2287 ihn

1486 2303 1564 2355 als
1617 2302 1797 2355 Urbild
1851 2302 1941 2356 der
1993 2303 2348 2357 Grausamkeit
2401 2303 2510 2355 und

1485 2370 1746 2424 dichteten
1783 2371 1885 2423 ihm
1923 2373 2137 2424 manche
2173 2371 2510 2424 wunderbare

1484 2438 1790 2492 Anekdoten
1827 2454 1908 2493 an.
1986 2440 2132 2492 Auch
2169 2440 2296 2492 fiber
2329 2440 2509 2491 seinen

1484 2507 1599 2559 Tod
1646 2507 1774 2559 wird
1824 2522 1954 2573 ganz
1990 2507 2394 2560 Verschiedenes
2429 2523 2512 2559 er-

1483 2575 1650 2643 zahlt3
1703 2575 1808 2640 vgl.
1844 2575 1906 2626 111
1941 2575 1974 2642 ἓ
2010 2578 2091 2628 29.

1562 2647 1635 2696 14.
1673 2646 1888 2706 interiit
1919 2660 1954 2695 a
1981 2646 2202 2709 paneis,
2238 2645 2338 2696 wie
2373 2641 2511 2697 ἄπο-

1484 2708 1753 2777 θνήσκειν
1787 2705 1897 2764 ὑπό.
1931 2726 2094 2765 τινος.
2145 2712 2305 2764 Acad.
2329 2711 2350 2763 I
2375 2716 2423 2777 7,
2441 2715 2511 2764 28

1483 2781 1625 2831 nihil
1656 2782 1798 2830 enim
1831 2780 2098 2830 valentius
2133 2797 2268 2844 esse,
2322 2797 2356 2831 a
2403 2796 2515 2845 quo

1481 2851 1730 2900 intereat.
1799 2846 1942 2899 Doch
1988 2848 2057 2899 ist
2103 2847 2193 2900 der
2230 2846 2510 2909 ,Gebrauch

1483 2916 1569 2968 bei
1603 2916 1702 2968 den
1737 2915 2006 2983 Lateinern
2040 2915 2375 2968 bekanntlich
2410 2915 2513 2968 sel—

1485 2988 1630 3036 tener
1665 2983 1741 3035 als
1774 2983 1861 3035 bei
1902 2983 1998 3035 den
2036 2983 2302 3036 Griechen.

1547 3056 1563 3104 1
1578 3052 1943 3106 &Demetrius
1951 3052 2269 3103 Poliorcetes
2280 3052 2516 3119 erlangte

1485 3122 1589 3173 294
1608 3120 1691 3172 die
1703 3119 1997 3172 Herrschast
2012 3120 2140 3171 uber
2156 3119 2508 3172 Macedonien.

1482 3188 1577 3240 Als
1612 3204 1667 3240 er
1704 3188 1826 3239 aber
1849 3189 1946 3240 287
1985 3200 2150 3253 gegen
2177 3187 2515 3255 Lysimachus

1483 3257 1613 3308 nach
1647 3255 1807 3308 Asien
1842 3271 1970 3322 zog,
2007 3271 2093 3308 um
2129 3254 2214 3307 die
2246 3255 2352 3308 ihm
2393 3256 2515 3308 dort

1485 3324 1803 3376 entrissenen
1854 3323 2049 3376 Lander
2097 3323 2288 3376 wieder
2331 3340 2393 3376 zu
2432 3339 2513 3376 er-

1485 3392 1667 3455 obern,
1702 3390 1792 3443 fiel
1826 3390 2053 3458 Pyrrhus
2095 3407 2200 3445 von
2238 3391 2421 3458 Epirus
2454 3392 2513 3442 in

1483 3459 1819 3512 Macedonien
1843 3460 1943 3524 ein,
1972 3460 2077 3512 und
2101 3458 2162 3512 da
2190 3475 2246 3511 er
2268 3459 2378 3511 sich
2402 3472 2512 3511 mm

1486 3542 1652 3595 gegen
1676 3527 1850 3580 diesen
1879 3526 2100 3592 wandte,
2125 3525 2302 3579 wurde
2326 3542 2381 3578 er
2402 3542 2508 3579 von
2588 3554 2593 3560 ·

1487 3596 1678 3648 seinem
1705 3596 1865 3648 Heere
1901 3595 2180 3660 verlassen,
2216 3610 2274 3647 so
2311 3595 2431 3647 dass
2453 3610 2514 3647 er

1487 3664 1617 3716 nach
1651 3663 2021 3716 Grieehenland
2073 3664 2261 3715 ssiehen
2296 3665 2513 3715 musste.

1560 3736 1637 3787 17.
1672 3732 2156 3785 Lacedaemonios:
2194 3731 2346 3784 Isocr.
2383 3734 2511 3800 περὶ

1486 3795 1697 3868 εἰρήνης
1736 3804 1830 3853 100
1875 3828 1941 3839 -
1986 3794 2149 3851 οὐδὲν
2196 3794 2518 3851 ἐπαύσαντο

1486 3866 1613 3921 τοὺς
1643 3870 1745 3936 μὲν
1778 3864 1968 3949 ἔλλοψ
2001 3868 2181 3920 κακῶς
2211 3867 2510 3930 ποιοῦντες,

1491 3930 1669 3991 αὑτοῖς
1704 3932 1765 3988 δὲ
1785 3933 1889 4002 τὴν
1918 3954 2092 4002 ητταν
2125 3931 2229 4001 τὴν
2250 3939 2313 3987 ἕν
2335 3929 2515 3986 Λεύκ-
