2813 4537
326 299 333 308 ³
395 270 482 334 98
960 269 1044 330 DE
1082 266 1341 322 OFFICIIS
1376 267 1493 322 LIB.
1529 266 1566 320 1.
1637 264 1778 320 GAP.
1814 267 1898 318 32.
1936 267 2017 318 33.

349 521 356 527 ἡ
396 445 754 525 Plerumque
795 451 993 504 autem
1034 441 1372 523 parentium
1416 439 1747 521 praeceptis
1789 437 2000 500 imbuti
2041 438 2113 500 ad
2157 453 2366 497 eorum
2407 450 2554 496 con-

399 529 772 594 suetudinem
793 546 1137 608 moremque
1160 525 1535 589 deducimur:
1565 525 1665 587 alii
1689 523 2086 587 multitudinis
2105 521 2322 586 iudicio
2352 520 2553 583 serun-

399 624 500 678 tur
513 661 530 691 ‚
576 632 844 695 quaeque
871 612 1083 674 maiori
1111 612 1266 694 parti
1295 610 1690 692 pulcherrima
1731 609 2004 671 videntur
2017 651 2034 683 ‚
2081 627 2149 669 ea
2177 607 2426 670 maxime
2456 621 2554 665 ex-

404 707 638 783 optantz
699 717 822 760 non
874 696 1024 760 nulli
1073 705 1270 773 tamen
1323 696 1446 760 sive
1494 695 1771 758 felicitate
1821 695 2072 775 quadam
2119 694 2241 756 sive
2293 689 2556 754 bonitate

404 793 647 847 naturae
690 782 818 845 sine
847 782 1185 864 parentium
1214 781 1527 863 disciplina
1565 790 1787 844 rectam
1816 781 1967 842 vitae
2002 778 2189 842 secuti
2218 786 2361 839 sunt
2386 775 2553 838 viam.

296 876 376 933 33
570 869 724 931 Illud
752 876 950 930 autem
980 867 1230 929 maxime
1258 881 1461 929 rarum
1489 885 1680 946 genus
1709 873 1799 928 est
1827 883 2067 939 eorum,
2098 864 2201 946 qui
2230 871 2334 925 aut
2364 858 2555 928 excel-

302 966 389 1018 119
400 955 549 1018 lenti
577 952 802 1034 ingenii
835 951 1240 1033 magnitudine
1267 960 1370 1014 aut
1396 951 1694 1033 praeclara
1726 951 2057 1014 eruditione
2085 958 2261 1030 atque
2290 945 2557 1010 doctrina

400 1048 502 1103 aut
531 1048 780 1119 utraque
809 1057 874 1101 re
905 1038 1096 1100 ornati
1123 1037 1383 1119 spatium
1413 1038 1586 1100 etiam
1615 1036 1978 1098 deliberandi
1996 1034 2354 1121 hahuerunt,
2383 1048 2558 1113 quem

400 1125 777 1207 potissimum
816 1123 971 1185 vitae
996 1141 1233 1185 cursum
1279 1123 1447 1203 sequi
1488 1122 1739 1197 vellent3
1781 1121 1844 1182 in
1877 1140 1993 1202 qua
2035 1118 2457 1205 deliberatione
2485 1114 2556 1177 ad

401 1228 568 1272 suam
613 1209 902 1288 cuiusque
931 1215 1201 1270 naturam
1246 1207 1559 1271 consilium
1603 1215 1693 1271 est
1735 1225 1911 1269 omne
1938 1206 2353 1268 revocandum.
2411 1202 2558 1265 Nam

402 1313 539 1357 cum
568 1294 631 1356 in
664 1293 971 1368 omnibu8‚
1003 1311 1154 1373 quae
1182 1301 1477 1374 aguntur,
1508 1312 1579 1354 ex
1605 1310 1711 1367 eo,
1744 1309 1862 1372 quo
1893 1292 2069 1354 modo
2097 1291 2353 1371 quisque
2382 1296 2560 1364 natus

403 1391 512 1453 est,
543 1387 611 1440 ut
639 1397 819 1460 supra
842 1378 1065 1440 dictum
1095 1386 1202 1453 est,
1232 1379 1373 1458 quid
1402 1380 1606 1439 deceat
1631 1376 2015 1457 exquirimus,
2049 1385 2172 1438 tum
2201 1375 2264 1437 in
2293 1382 2415 1436 tota
2442 1373 2557 1434 vita

402 1463 820 1530 constituenda
846 1463 1037 1525 multo
1069 1472 1158 1526 est
1187 1462 1241 1524 ei
1269 1464 1358 1525 rei
1388 1482 1530 1525 cura
1559 1463 1749 1524 maior
1777 1462 2107 1525 adhibenda
2124 1506 2141 1535 ‚
2190 1469 2257 1523 ut
2286 1466 2558 1524 constare

400 1549 467 1611 in
496 1547 889 1630 perpetuitate
932 1548 1082 1610 vitae
1121 1548 1423 1630 possimus
1452 1547 1750 1629 nobismet
1784 1547 1929 1627 ipsis
1960 1566 2070 1609 nec
2113 1546 2176 1607 in
2207 1546 2330 1629 ullo
2361 1542 2557 1606 officio

301 1634 749 1697 mclaudicare.
821 1633 909 1696 Ad
959 1634 1116 1698 hanc
1165 1641 1362 1696 autem
1413 1633 1707 1716 ratio-nem
1758 1629 2042 1713 quoniam
2082 1631 2395 1693 maximam
2442 1629 2558 1690 vim

406 1730 614 1781 natura
633 1719 830 1793 habet,
860 1717 1096 1780 fortuna
1125 1720 1475 1798 proximam,
1504 1719 1817 1799 utriusque
1844 1718 2090 1780 omnino
2111 1711 2381 1779 habenda
2409 1714 2558 1777 ratio

403 1812 494 1866 est
536 1805 600 1865 in
646 1804 960 1883 deligendo
1006 1822 1223 1883 genere
1264 1803 1416 1866 vitae
1434 1850 1451 1880 ‚
1496 1805 1599 1865 sed
1644 1811 1888 1866 naturae
1916 1802 2136 1884 magis;
2181 1801 2368 1865 multo
2400 1800 2561 1861 enim

403 1898 463 1953 et
489 1889 716 1951 firmior
746 1899 834 1950 est
864 1896 923 1949 et
951 1888 1350 1963 constantior,
1392 1899 1459 1951 ut
1489 1889 1725 1951 fortuna
1755 1907 1877 1950 non
1909 1905 2235 1969 numquam
2262 1896 2561 1966 tamquam

402 1975 530 2057 ipsa
560 1972 826 2042 mortalis
854 1992 990 2035 cum
1031 1973 1328 2036 inmortali
1360 1983 1569 2037 natura
1598 1992 1867 2054 pugnare
1893 1974 2179 2036 videatur.
2239 1971 2353 2043 Qui
2380 1971 2560 2050 igitur

402 2106 510 2226 151¹·
545 2106 721 2226 Αἷὲῗ
748 2105 1139 2235 wan
1154 2111 1282 2174 ¹¹⁸⁸·
1318 2107 1432 2226 '⁴³22

402 2214 494 2294 est·
512 2190 668 2293 grim
698 2188 966 2294 {tiodiem-i
998 2248 1139 2296 satu.
1161 2191 1376 2241 quaqua

474 2313 522 2364 2.
560 2310 905 2362 deducimur.-
953 2311 1081 2364 uber
1115 2312 1216 2365 den
1250 2311 1434 2366 Unter-

405 2377 583 2433 schied
622 2394 722 2431 von
754 2378 1018 2441 ferantur
1053 2396 1093 2433 s.
1129 2396 1175 2435 z.
1212 2380 1246 2447 5
1275 2384 1386 2436 105.

474 2450 521 2500 3.
570 2450 772 2498 maiori
800 2450 983 2515 parti,
1028 2449 1118 2501 der
1150 2447 1430 2503 Mehrzahl.

407 2515 440 2582 ξ
464 2517 575 2569 147.
625 2513 668 2566 11
701 2516 733 2580 ξ
755 2519 836 2569 37.

1535 2106 1822 2171 Gegensatz
1858 2122 1922 2158 zu
1959 2106 2059 2158 den
2092 2106 2358 2158 einzelnen
2391 2103 2560 2157 Hand-

1533 2176 1747 2241 lungen)
1804 2190 1891 2227 um
1950 2190 2010 2228 so
2064 2173 2389 2240 sorgfaltiger
2446 2171 2559 2225 sein

1533 2241 1862 2311 Augenmerk
1886 2258 1951 2296 zu
1973 2242 2189 2297 richten.
2240 2247 2308 2294 ut
2340 2241 2410 2294 ist
2431 2239 2558 2293 final

1534 2311 1877 2365 aufzusassen.
1937 2311 2030 2364 Die
2048 2311 2259 2365 Hdschr.
2279 2311 2447 2363 haben
2464 2324 2560 2360 nur

1533 2384 1619 2431 rei
1626 2400 1648 2444 ;
1706 2395 1825 2432 man
1870 2380 1961 2435 hat
2007 2380 2220 2433 deshalb
2267 2377 2559 2432 vermuthet

1533 2448 1676 2499 nulli
1727 2452 1804 2499 est
1854 2450 1952 2500 rei.
2011 2477 2079 2486 —-
2137 2446 2230 2498 Die
2282 2447 2559 2511 Trennung

1536 2516 1627 2569 des
1684 2516 1907 2570 Adverb.
1967 2516 2136 2567 multo
2202 2531 2308 2568 von
2363 2514 2559 2567 seinem

2601 1209 2661 1262 10

474 2587 527 2638 4.
550 2585 830 2650 bonitate:
865 2584 977 2637 hier
999 2583 1082 2637 die
1107 2585 1432 2652 angeborene

405 2650 761 2786 gregiichkeit
788 2652 887 2707 wie
913 2653 946 2719 ξ
971 2657 1028 2713 5;
1066 2653 1173 2720 vgl.
1198 2652 1431 2720 dagegen

477 2792 524 2840 5.
568 2790 686 2837 sine
715 2803 835 2853 par.
906 2786 1006 2840 Der
1042 2787 1329 2854 Gegensatz
1365 2804 1433 2842 zu

399 2855 721 2922 plerumque
740 2859 839 2909 cet.
875 2871 926 2908 u.
963 2855 1062 2906 alii
1084 2860 1183 2908 cet.
1221 2855 1431 2922 forden,

407 2922 526 2974 dass
562 2935 728 2988 gegen
763 2921 846 2974 die
881 2921 1105 2977 Hdschn.
1137 2927 1256 2975 sine
1304 2928 1432 2977 statt

405 2995 518 3042 sive
552 2989 887 3056 geschrieben
923 2991 1111 3044 werde.
1147 3030 1152 3036 -

476 3061 524 3112 6.
554 3073 730 3124 genus
755 3074 956 3125 eorum,
993 3059 1075 3112 die
1091 3060 1204 3125 Art,
1230 3059 1430 3111 welche

402 3142 498 3180 aus
517 3126 681 3181 denen
700 3126 923 3180 besteht.
973 3144 1160 3179 eorum
1182 3128 1253 3181 ist
1268 3127 1433 3180 Gene-

404 3196 545 3249 tivus
581 3194 970 3262 epexegeticus:
1006 3195 1048 3247 11
1085 3197 1116 3262 ξ
1160 3199 1221 3249 16
1259 3199 1435 3248 causis

404 3265 687 3316 eluvionis.
739 3262 803 3314 111
826 3263 859 3330 ξ
879 3266 963 3318 41.
1011 3264 1116 3331 vgl.
1139 3264 1194 3315 in
1217 3263 1356 3316 Verr.
1384 3262 1431 3315 V

406 3335 506 3396 60,
547 3335 643 3384 156
689 3332 821 3396 quid
853 3332 918 3384 de
953 3332 1051 3384 illa
1084 3333 1433 3384 multitudine

406 3401 643 3452 dicemus
677 3415 862 3458 eorum
897 3404 995 3452 cet.

480 3470 558 3520 11.
617 3483 686 3516 ex
731 3483 822 3532 eo,
874 3483 979 3532 quo
1014 3468 1171 3519 modo
1212 3470 1436 3533 quisque

404 3541 570 3588 natus
622 3539 726 3600 est,
779 3535 911 3587 nach
958 3534 1058 3588 den
1105 3535 1435 3602 angebornen

403 3601 996 3670 Eigenthiimlichkeiten
1008 3603 1100 3656 des
1112 3603 1433 3657 Charakters.

480 3675 560 3726 12.
594 3688 793 3737 supra.-
830 3673 863 3737 9·
905 3675 999 3724 117
1038 3689 1087 3724 ιι.
1131 3675 1242 3724 110.

485 3743 561 3792 13.
597 3742 648 3789 ei
670 3743 755 3790 rei
773 3769 816 3777 -
835 3740 1164 3806 adhibenda,
1200 3754 1318 3793 man
1343 3741 1436 3793 hat

408 3806 592 3860 darauf
641 3807 814 3868 (naml.
866 3824 970 3874 quo
1016 3808 1176 3861 modo
1213 3812 1437 3875 quisque

407 3879 574 3927 uatus
597 3875 693 3938 est)
724 3876 806 3926 bei
832 3874 921 3927 der
943 3875 1436 3943 Beschlussfassung

407 3943 538 3997 iiber
589 3942 688 3996 den
743 3958 939 4010 ganzen
977 3944 1297 4013 Lebensplan
1343 3945 1435 4011 (im

1533 2583 1775 2649 Adjectiv
1797 2587 1975 2637 maior
2007 2584 2079 2650 ist
2099 2583 2217 2636 eine
2241 2577 2560 2650 ungewohn-

1534 2652 1671 2704 liche
1705 2651 2110 2718 Wortstellung;
2166 2651 2300 2705 doch
2342 2650 2458 2718 vgl..
2493 2648 2557 2702 de

1534 2719 1624 2773 fin.
1649 2719 1718 2772 lv
1744 2723 1821 2787 12,
1834 2723 1899 2774 30
1923 2723 1972 2770 si
1993 2736 2162 2786 aeque
2183 2724 2304 2771 vita·
2320 2718 2560 2771 iucunda

1534 2794 1808 2840 menstrua
1842 2789 2094 2843 addatur.

1605 2862 1877 2923 constare,
1932 2857 2032 2910 wie
2086 2859 2147 2909 71
2203 2870 2407 2922 param
2456 2855 2560 2905 sibi

1536 2929 1791 2976 constent.

1609 2995 1687 3046 14.
1719 2995 2079 3059 perpetuitate
2112 2995 2260 3043 vitae
2293 2992 2342 3044 d.
2375 2992 2409 3045 i.
2445 2992 2561 3040 vita

1527 3066 1810 3128 perpetua.

1608 3131 1686 3181 15.
1724 3128 1798 3179 ad
1830 3130 1971 3179 hanc
1992 3126 2277 3192 rationem,
2311 3127 2366 3177 in
2393 3125 2559 3177 dieser

1535 3196 1861 3262 Beziehung,
1915 3195 2068 3249 nfiml.
2118 3195 2199 3247 fur
2234 3193 2561 3258 Bewahrung

1536 3264 1625 3317 der
1659 3263 1931 3317 Harmonie
1965 3264 2036 3315 im
2069 3263 2260 3317 Lehen.

1608 3335 1688 3386 16.
1718 3336 1953 3397 omnino,
1976 3332 2047 3387 im
2066 3331 2354 3398 Gegensatz
2371 3346 2437 3381 zu
2452 3327 2562 3392 sed,

1536 3416 1577 3453 s·
1615 3415 1661 3455 ι.
1697 3401 1729 3465 ἓ
1766 3403 1861 3467 83,
1914 3400 2019 3466 vgl.
2057 3399 2091 3466 ξ
2131 3402 2226 3453 133
2270 3403 2563 3461 utrumque

1537 3472 1757 3520 omnino
1794 3498 1837 3507 —
1872 3484 2059 3520 verum
2096 3473 2287 3519 tamem.

1611 3539 1687 3590 18.
1727 3542 1998 3602 tamquam
2021 3539 2140 3602 ipsa
2167 3533 2444 3587 mortalis:
2467 3530 2562 3582 das

1536 3605 1706 3725 32³5ss
1716 3644 1731 3670 ’
1751 3605 1924 3726 ..235⁸
1942 3607 2167 3724 ..3:²²ss
2179 3597 2562 3738 ἵᾚῖῗὲᾟῗ

1537 3740 1625 3794 der
1679 3738 2223 3806 Charakterfestigkeit
2279 3739 2371 3791 des
2418 3735 2564 3788 Men·-

1538 3809 1696 3861 schen
1748 3809 2029 3876 gleichsam
2080 3808 2157 3860 als
2203 3807 2286 3860 die
2340 3804 2561 3867 medere,

1536 3876 1760 3929 irdische
1813 3877 1977 3931 Natur
2025 3876 2096 3928 im
2149 3875 2423 3943 Vergleich
2472 3886 2561 3923 zur

1539 3944 1824 4011 gottlichen
1848 3945 2010 3998 Natur
2029 3945 2120 3999 des
2150 3944 2429 3998 Menschen
2455 3939 2562 3991 dar·
