2813 4537
415 278 540 342 158

1019 281 1104 334 DE
1141 280 1401 335 OFFICIIS
1438 279 1558 337 ΗΒ.
1582 281 1642 338 11.
1699 282 1842 338 CAP.
1872 286 1951 337 17.

313 460 379 516 17
412 455 756 517 consulatu:
803 454 865 515 in
898 455 1114 534 quibus
1144 454 1426 517 omnibus
1453 455 1595 534 quid
1622 454 1767 517 mihi
1797 454 2044 535 placeat,
2082 419 2288 536 videsj
2320 457 2568 521 Vitanda

413 626 706 688 termissio
755 625 1066 688 aedilitatis
1104 626 1450 688 consulatus
1491 625 1790 706 repulsam
1827 627 2043 688 attulit.
2104 627 2234 698 Qua
2277 648 2344 691 re
2385 638 2471 705 et,
2517 629 2568 691 si

414 712 748 790 postulatur
773 730 807 771 a
834 712 1087 790 populo,
1117 710 1294 773 honis
1336 710 1476 773 viris
1503 711 1554 773 si
1583 730 1707 772 non
1739 712 2237 789 desiderantibus,
2279 722 2339 775 at
2368 723 2565 777 tamen

410 796 907 876 adprobantibuS,
949 796 1296 858 faciundum
1323 803 1443 871 est,
1484 797 1662 858 modo
1703 816 1816 894 pro
1846 798 2252 874 facultatibus,
2298 818 2411 862 nos
2454 800 2568 880 ipsi
2594 818 2628 867 5

413 888 480 942 ut
507 881 773 956 fecimus,
803 888 880 956 et,
911 881 960 943 si
992 881 1228 961 quando
1250 880 1445 959 aliqua
1485 900 1583 944 res
1612 882 1802 943 maior
1840 891 2022 979 atque
2064 884 2264 945 utilior
2294 885 2567 965 populari

410 966 726 1047 largitione
755 965 1105 1044 adquiritur,
1136 973 1205 1027 ut
1225 964 1424 1028 Oresti
1452 985 1648 1046 nuper
1669 968 1962 1046 prandia
1946 987 2008 1029 m
2029 969 2258 1031 semitis
2284 971 2565 1033 decumae

411 1052 655 1114 nomine
683 1061 900 1130 'magno
931 1051 1150 1113 honori
1177 1052 1443 1113 fuerunt.
1500 1052 1588 1113 Ne
1617 1052 1837 1114 Marco
1848 1053 2086 1132 quidem
2118 1053 2255 1116 Seio
2290 1055 2432 1117 vitio
2463 1057 2566 1117 da·-

383 1141 386 1148 ’
410 1146 537 1199 tum
569 1144 676 1212 est,
709 1136 907 1216 quod
891 1155 957 1200 m
987 1137 1229 1198 caritate
1250 1154 1382 1198 asse
1402 1136 1668 1198 modium
1697 1139 1922 1218 populo
1945 1139 2137 1200 dedit:
2168 1157 2382 1220 magna
2404 1141 2567 1203 enim

410 1241 473 1283 se
502 1230 561 1283 et
588 1222 910 1282 inveterata
932 1221 1150 1283 invidia
1179 1240 1292 1282 nec
1313 1221 1478 1301 turpi
1506 1220 1748 1298 iactura,
1780 1224 2018 1302 quando
2043 1232 2169 1285 erat
2199 1225 2419 1301 aedilis,
2451 1245 2563 1288 nec

349 1317 354 1329 ·
409 1306 662 1368 maxima
691 1305 976 1367 liberavit.
1037 1306 1153 1367 Sed
1182 1307 1400 1368 honori
1442 1326 1675 1368 summo
1707 1326 1904 1388 nuper
1947 1316 2153 1370 nostro
2196 1310 2404 1372 Miloni
2434 1312 2564 1387 fuit,

412 1392 513 1471 qui
541 1390 964 1472 gladiatoribus
1007 1392 1219 1472 emptis
1261 1391 1349 1452 rei
1390 1391 1663 1472 publicae
1705 1411 1910 1469 causa,
1954 1412 2107 1473 quae
2144 1395 2330 1457 salute
2362 1404 2566 1459 nostra

410 1477 859 1551 continebatur,
915 1496 1123 1538 omnes
1165 1476 1229 1538 P.
1278 1476 1465 1538 Clodii
1511 1484 1762 1541 conatus
1800 1480 2153 1558 furoresque
2196 1482 2565 1562 compressit.

409 1550 595 1624 Causa
625 1561 805 1641 igitur
832 1523 1163 1641 largitionis
1192 1569 1308 1637 est,
1355 1562 1404 1623 si
1435 1570 1538 1624 aut
1582 1582 1826 1626 necesse
1870 1571 1960 1626 est
2001 1573 2108 1627 aut
2150 1565 2314 1627 utile.
2374 1566 2443 1629 In
2473 1568 2567 1628 bis

408 1655 606 1709 autem
635 1646 780 1725 ipsis
807 1647 1229 1709 mediocritatis
1256 1648 1462 1727 regula
1492 1648 1712 1729 optima
1743 1656 1850 1711 est.
1896 1649 1962 1710 L.
1988 1650 2227 1728 quidem
2258 1650 2566 1732 Philippus
2609 1668 2671 1720 15

476 1786 523 1835 2.
579 1788 756 1834 tamen
807 1782 971 1835 bildet
1012 1782 1110 1835 den
1146 1782 1434 1850 Gegensatz

405 1868 469 1904 zu
495 1851 629 1917 quid
648 1852 785 1902 mihi
810 1851 1031 1917 placeat
1062 1851 1232 1915 vides,
1267 1850 1435 1904 worin

407 1920 992 1985 eben-ausgesprochen
1026 1919 1122 1984 ist,
1172 1919 1293 1971 dass
1330 1918 1433 1971 Cic.

406 1988 517 2040 dies
554 1987 697 2039 nicht
732 1986 918 2054 billigt.

475 2056 777 2108 Mamercus
794 2055 1061 2106 Aemilius
1087 2054 1327 2121 Lepidus
1340 2054 1435 2105 Li·

406 2127 599 2175 vianae
622 2122 801 2175 wurde
825 2125 999 2190 spater
1019 2124 1091 2174 im
1125 2121 1173 2176 J.
1195 2125 1292 2177 677
1319 2125 1431 2186 (77)

405 2191 540 2244 noch
553 2190 744 2243 Consul
763 2190 856 2243 mit
872 2190 931 2243 D.
942 2190 1149 2244 BrutuS.
1170 2190 1272 2242 Cic.
1287 2190 1430 2244 Brut.

403 2260 633 2325 47,175.
703 2257 960 2312 Drumann
995 2258 1180 2313 Gesch.
1215 2257 1374 2312 Roms
1409 2258 1432 2311 l

404 2332 437 2381 4
472 2326 622 2382 Αιιιιι.
645 2330 728 2381 48.

461 2399 508 2449 3.
522 2366 1140 2462 consulatusrepubam:
1153 2410 1194 2448 s.
1208 2411 1252 2448 z.
1266 2395 1428 2460 1597.

462 2467 512 2516 4.
530 2467 685 2516 bonis
700 2468 849 2529 viris,
880 2463 929 2515 d.
945 2464 981 2516 i.
1004 2462 1426 2529 rechtschaffene,

356 2577 365 2581 4
403 2533 533 2585 88811
570 2532 724 2589 deren
749 2502 947 2586 Urt’heil
983 2547 1100 2584 man
1137 2532 1248 2585 sich
1282 2532 1428 2585 mehr

402 2601 480 2653 als
499 2602 631 2654 nach
656 2601 749 2654 der
763 2600 950 2684 Menge
985 2616 1050 2653 zu
1084 2600 1282 2653 richten
1317 2601 1425 2652 hat.

348 2667 416 2732 Ο
469 2673 517 2722 5.
551 2686 652 2721 nos
671 2672 800 2735 ipsi,
831 2669 902 2721 im
920 2667 968 2720 J.
987 2671 1086 2722 685
1107 2669 1242 2733 (69);
1280 2668 1423 2720 Verr.

401 2737 447 2789 V
501 2741 589 2801 14,
626 2741 692 2790 36
744 2753 891 2788 nuuc
939 2752 1060 2787 sum
1110 2737 1426 2802 designatus

401 2805 673 2856 aedilis—
707 2807 843 2856 mihi
875 2805 1030 2855 ludos
1062 2807 1426 2856 sanctissimos

398 2875 643 2929 maa-ima
684 2887 805 2923 cum
839 2887 973 2923 cura
1008 2876 1062 2921 et
1093 2875 1425 2924 caerimonia

400 2941 600 3004 cerm,
628 2939 824 2991 Libero
852 2939 1182 3004 Liberaeque
1209 2938 1424 3001 faciun-

398 3009 511 3072 dos,
543 3010 680 3059 mihi
699 3008 929 3059 Floram
960 3012 1184 3058 matrem
1217 3009 1422 3076 populo

393 3076 642 3143 plebique
692 3074 965 3128 Romanae
1008 3075 1260 3127 ludorum
1293 3077 1423 3128 cele·

398 3147 594 3196 britate
614 3144 958 3210 placandam,
990 3145 1127 3194 milti
1151 3145 1304 3196 ludos
1326 3161 1423 3196 an-

398 3215 751 3279 tiquissimos,
821 3215 916 3278 qui
968 3215 1138 3279 primi
1193 3212 1425 3266 Romani

397 3281 654 3348 appellati
685 3287 831 3345 sunt,
866 3296 987 3332 cum
1020 3281 1289 3346 dignitate
1309 3297 1424 3333 ma-

395 3352 548 3401 xima
581 3347 949 3410 faciundos-
981 3352 1114 3402 scio.

465 3421 513 3472 7.
587 3418 774 3471 Oresti.
854 3416 1296 3470 Wahrscheinlich
1352 3418 1423 3470 ist

396 3487 483 3539 Cn.
539 3484 775 3538 Aufidius
835 3485 1043 3540 Orestes
1096 3485 1421 3551 Aurelianus,

395 3552 585 3608 Consul
621 3557 723 3608 683
744 3556 870 3620 (71),
906 3553 1146 3620 gemeint.

453 3623 696 3690 prandia
719 3623 974 3675 demcmae
995 3626 1226 3674 nornine.
1261 3620 1422 3675 Unter

392 3691 483 3743 der
516 3690 692 3756 Form,
739 3691 839 3744 den
874 3690 1104 3743 Zehnten
1139 3706 1242 3743 von
1279 3690 1420 3742 einer

521 3759 758 3812 efuhrten
811 3759 936 3811 oder
973 3759 1107 3813 noch
1142 3757 1420 3811 auszufuh

390 3842 481 3879 ren
517 3842 582 3879 en
606 3825 1037 3893 Unternehmung
1080 3826 1195 3879 dem
1230 3825 1419 3879 Hercu-

390 3894 469 3947 les
502 3909 568 3953 zu
604 3894 813 3961 optes-n,
864 3910 975 3947 war
1009 3909 1065 3947 es
1101 3894 1264 3957 Sitte,
1300 3888 1418 3947 dem

390 3961 559 4015 Volke
577 3934 1010 4031 Fleischspenden
1039 3961 1145 4016 und
1173 3961 1418 4016 Mahlzei·

1541 1787 1627 1837 ten
1655 1798 1721 1835 zu
1751 1782 1936 1849 geben.
1969 1782 2090 1836 Dies
2120 1784 2232 1835 that
2261 1799 2305 1835 z.
2324 1783 2385 1839 B.
2418 1783 2562 1837 Sulla

1538 1851 1671 1904 nach
1709 1850 2003 1917 Besiegung
2046 1851 2138 1904 des
2181 1851 2371 1905 Marius
2406 1851 2561 1919 (Plut.

1538 1918 1684 1971 Sulla
1716 1921 1826 1984 35),
1863 1920 2077 1972 Crassus
2109 1935 2204 1972 vor
2234 1920 2350 1973 dem
2374 1921 2566 1988 parthi

1536 1988 1694 2039 seben
1728 1958 1956 2053 Fel’dzug
1956 2002 1986 2039 e
2020 1986 2178 2051 (Plut.
2216 1988 2382 2041 Crass,
2408 1992 2475 2053 2).

1606 2058 1654 2109 8.
1690 2055 1760 2107 M.
1783 2055 1962 2120 Seius,
1997 2054 2147 2107 Aedil
2173 2058 2274 2109 680
2294 2060 2417 2122 (74),
2456 2073 2564 2109 war

1535 2123 1630 2175 mit
1652 2123 1753 2175 Cic.
1780 2123 1884 2176 und
1906 2092 2113 2176 A’t'ticus
2137 2124 2455 2178 befreundet.
2491 2125 2562 2177 Er

1535 2204 1678 2243 muss
1696 2190 1774 2243 als
1801 2192 2081 2244 romischer
2097 2190 2264 2244 Ritter
2281 2192 2561 2260 angeklagt

1533 2258 1640 2311 und
1667 2259 1969 2312 verurtheilt
2005 2259 2144 2327 sein,
2179 2260 2441 2327 weshalb,
2488 2261 2561 2315 ist

1531 2327 1855 2390 unbekannt3
1892 2344 1944 2396 p.
1980 2300 2155 2381 Ρ1888.
2192 2333 2327 2395 5,12
2364 2333 2461 2395 qui
2493 2347 2559 2382 ne

1532 2401 1828 2461 equestrem
1840 2397 2056 2462 quidem
2066 2397 2401 2463 splendorem
2411 2403 2559 2450 inco·

1533 2464 1727 2515 lumem
1739 2480 1774 2515 a
1787 2465 2097 2517 calamitate
2112 2466 2309 2517 iudicii
2322 2470 2559 2519 retinere

1526 2535 1807 2598 potuisset.
1842 2531 1975 2587 Plin.
1995 2549 2044 2586 n.
2065 2533 2116 2586 h.
2142 2532 2236 2584 XV
2259 2537 2283 2586 1
2311 2534 2383 2587 M.
2403 2534 2558 2587 Seius

1527 2600 1592 2655 L.
1624 2601 1693 2654 F.
1740 2601 1934 2652 aedilis·
1980 2601 2187 2652 eurulis
2238 2601 2347 2654 olei
2393 2604 2557 2655 denas

1531 2668 1697 2720 librae
1746 2669 1981 2734 singulis
2032 2671 2239 2721 assibus
2284 2673 2561 2736 praestitit

1523 2736 1723 2803 populo
1746 2736 1990 2788 Romano
2009 2753 2110 2803 per·
2134 2742 2309 2789 totum
2338 2755 2555 2791 annum.

1598 2808 1646 2857 9.
1701 2820 1817 2856 asse
1865 2806 2124 2857 modium.
2192 2805 2286 2858 Die
2337 2805 2554 2860 Aedilen

1526 2872 1743 2925 kauften
1764 2873 1819 2924 in
1838 2871 2050 2927 Sicilien
2072 2873 2155 2925 hei
2180 2878 2340 2940 guten
2362 2874 2555 2928 Jahren

1526 2940 1609 2993 fur
1643 2943 1675 2993 2
1696 2940 1819 2993 οι181·
1842 2944 1874 2992 3
1894 2940 2178 2995 Sestertien
2214 2942 2313 2995 den
2350 2944 2553 2997 modius

1525 3007 1632 3060 und
1666 3009 1834 3075 gaben
1869 3009 1959 3061 ihn
1993 3024 2060 3061 an
2094 3009 2187 3062 das
2203 3009 2342 3064 Volk
2376 3011 2429 3063 in
2465 3012 2556 3064 der

1524 3075 1687 3142 Regel
1705 3076 1788 3128 fur
1806 3077 2008 3144 wenige
2020 3076 2110 3130 As.
2135 3077 2252 3145 Vgl.
2266 3077 2552 3132 Mommsen

1524 3147 1650 3197 rom.
1688 3144 1869 3201 Gesch.
1906 3145 1948 3197 11
1981 3162 2032 3213 p.
2067 3148 2185 3199 499.

1598 3216 1676 3266 1.0
1714 3214 1931 3279 quando
1952 3213 2023 3267 ist
2043 3214 2237 3269 causal.
2287 3213 2361 3266 Da
2381 3228 2435 3267 er
2453 3214 2553 3267 Ae·

1525 3280 1597 3332 dil
1619 3296 1751 3347 war,
1788 3297 1847 3334 so
1873 3282 2016 3335 hatte
2052 3281 2193 3335 diese
2228 3283 2556 3336 verschwen·

1526 3348 1760 3404 derische
1829 3349 2240 3417 Freigebigkeit,
2310 3365 2397 3403 um
2470 3351 2553 3403 die

1524 3415 1760 3484 Volksgu
1762 3423 1849 3470 nst
1906 3434 1971 3471 zu
2035 3417 2312 3484 erkaufen,
2382 3419 2556 3473 nichts

1526 3486 1724 3553 schimp
1728 3485 1933 3547 ssicbe83
1980 3502 2022 3540 s.
2057 3503 2103 3539 z.
2138 3485 2159 3537 1
2194 3487 2226 3552 9
2264 3458 2347 3541 29.

1598 3556 1676 3607 12.
1735 3556 1861 3619 qui.-
1921 3554 2011 3607 der
2043 3553 2362 3608 Relativsatz
2410 3555 2553 3621 giebt

1524 3637 1620 3688 an,
1672 3637 1784 3674 was
1819 3621 1943 3675 Milo
1979 3639 2071 3675 zur
2101 3622 2237 3675 Ehre
2273 3623 2551 3690 3818181118,

1524 3705 1579 3742 81·
1633 3689 1834 3742 enthalt
1876 3690 1988 3744 also
2042 3690 2158 3743 dem
2209 3689 2367 3743 Sinne
2421 3692 2551 3745 nach

1521 3757 1614 3811 das
1640 3757 1856 3823 SubJect
1890 3774 1956 3811 zu
1991 3761 2189 3810 honori
2207 3757 2337 3820 fuit.
2389 3758 2508 3826 Vgl.
2532 3758 2554 3810 1

1520 3825 1556 3892 ξ
1593 3829 1654 3880 71
1696 3827 2091 3883 concedendum
2123 3830 2197 3879 sit
2229 3842 2346 3878 rem
2371 3828 2553 3894 publi—

1520 3910 1786 4016 ⁰“⁷{²5.⁷²Z'.²
1808 3897 2245 4031 azizim&
2282 3965 2394 4017 108.

310 541 370 593 ⁵8
415 549 614 603 tamen
643 539 893 619 suspitio
925 548 1015 602 est
1043 539 1334 601 avaritiae.
1393 540 1708 615 Mamerco,
1739 541 1969 604 homini
1999 541 2364 620 divitissimo,
2394 563 2567 625 prae-
2675 611 2694 622 .

2609 1242 2672 1294 10
