2813 4537
397 299 478 361 70
1024 299 1109 352 DE
1146 297 1408 352 OFFIGIIS
1445 297 1562 352 LIB.
1582 298 1618 352 1.
1674 297 1815 353 GAP.
1841 300 1923 351 20.

393 476 454 538 in
500 474 827 557 posteriore
871 479 989 548 est,
1035 489 1210 534 causa
1253 478 1452 533 autem
1497 478 1554 533 et
1598 469 1748 534 ratio
1795 469 2058 532 efficiens
2100 487 2349 550 magnos
2390 470 2549 532 viros

392 562 455 623 in
487 560 705 642 priore.
763 559 831 621 In
865 576 935 619 eo
967 564 1055 620 est
1084 556 1243 619 enim
1270 556 1448 632 illud,
1493 557 1650 638 quod
1695 555 2048 618 excellentes
2087 556 2318 619 animos
2348 563 2406 617 et
2432 556 2548 618 hu-

392 664 566 709 mana
611 650 1061 707 contemnentes
1103 642 1259 705 facit.
1319 641 1386 703 Id
1429 651 1624 704 autem
1667 641 1867 723 ipsum
1909 641 2174 704 cernitur
2200 643 2263 705 in
2294 641 2547 718 duobus,

395 732 443 793 si
476 739 534 794 et
578 731 769 792 solum
811 729 902 805 id,
947 729 1103 811 quod
1133 729 1450 790 honestum
1482 727 1588 803 sit,
1634 726 1859 789 bonum
1898 727 2121 790 iudices
2166 736 2224 789 et
2265 727 2338 790 ab
2384 729 2547 789 omni

392 816 575 879 animi
602 814 1050 898 perturbatione
1077 813 1228 876 liber
1256 813 1354 875 sis,
1414 811 1560 875 Nam
1594 820 1653 874 et
1680 831 1747 875 ea
1765 858 1780 888 ,
1827 831 1977 893 quae
2007 813 2215 875 eximia
2246 813 2547 896 plerisque

393 911 451 964 et
479 901 776 984 praeclara
799 899 1093 974 videntur,
1121 917 1297 980 parva
1325 898 1545 960 ducere
1576 916 1761 980 eaque
1788 897 2017 960 ratione
2045 898 2240 961 stabili
2260 900 2547 982 firmaque

392 995 776 1049 contemnere
804 986 974 1048 fortis
1002 984 1183 1047 animi
1214 983 1533 1066 magnique
1561 983 1897 1046 ducendum
1929 991 2044 1060 est,
2077 991 2137 1046 et
2165 1003 2252 1060 ea,
2282 1002 2433 1066 quae
2459 985 2546 1046 vi-

393 1074 606 1136 dentur
632 1070 872 1147 acerba,
919 1088 1070 1152 quae
1096 1069 1284 1132 multa
1327 1076 1384 1131 et
1412 1069 1567 1132 varia
1612 1068 2011 1143 inhominum
2042 1070 2155 1131 vita
2188 1071 2546 1153 fortunaque

390 1165 729 1233 versantur,
762 1156 841 1219 ita
871 1156 1061 1232 ferre,
1090 1162 1158 1217 ut
1188 1153 1335 1218 nihil
1363 1173 1397 1216 a
1427 1162 1581 1217 statu
1613 1162 1860 1218 naturae
1889 1155 2185 1231 discedaS,
2215 1140 2365 1218 nihil
2391 1174 2425 1218 a
2454 1156 2544 1218 di-

390 1243 610 1322 gnitate
639 1241 955 1324 sapientis,
983 1240 1213 1303 robusti
1241 1240 1424 1302 animi
1455 1247 1544 1302 est
1571 1258 1936 1322 magnaeque
1966 1240 2349 1303 constantiae.
2409 1240 2544 1304 Non

391 1336 480 1390 est
508 1336 702 1391 autem
726 1335 1211 1401 consentaneum,
1244 1326 1346 1408 qui
1367 1334 1531 1389 metu
1556 1344 1677 1388 non
1706 1326 2029 1406 frangatur,
2059 1343 2193 1387 eum
2224 1326 2417 1407 frangi
2439 1346 2547 1389 cu-

389 1413 650 1494 piditate,
680 1431 810 1485 nec,
842 1412 944 1494 qui
973 1412 1253 1475 invictum
1286 1430 1348 1473 se
1377 1430 1412 1473 a
1441 1411 1643 1474 labore
1672 1410 2049 1493 praestiterit,
2085 1411 2241 1474 vinci
2271 1430 2304 1473 a
2332 1412 2543 1494 volup-

387 1506 523 1560 tate.
583 1496 770 1569 Quam
817 1497 892 1559 ob
923 1515 1046 1559 rem
1091 1506 1150 1559 et
1187 1498 1332 1559 haec
1360 1496 1595 1559 vitanda
1640 1504 1699 1559 et
1728 1496 2016 1578 pecuniae
2066 1497 2345 1578 fugienda
2373 1498 2544 1579 cupi-

388 1583 557 1646 ditas,
643 1581 807 1645 Nihil
862 1583 1018 1645 enim
1067 1589 1154 1644 est
1213 1591 1326 1645 tam
1371 1582 1606 1662 angusti
1651 1583 1832 1644 animi
1875 1590 2113 1664 tamque
2156 1583 2320 1664 parvi
2364 1601 2542 1664 quam

387 1686 583 1731 amare
611 1668 857 1743 divitias,
888 1667 1038 1731 nihil
1064 1668 1372 1730 honestius
1399 1667 1995 1750 magnificentiusque
2024 1686 2200 1749 quam
2228 1668 2545 1749 pecuniam

390 1766 800 1829 contemnere,
831 1752 879 1815 si
913 1772 1036 1816 non
1064 1752 1312 1829 habeas,
1355 1755 1403 1815 si
1434 1753 1668 1830 habeas,
1706 1754 1777 1816 ad
1807 1752 2259 1816 beneficentiam
2287 1752 2543 1816 liberali·-

387 1848 683 1922 tatemque
713 1839 1003 1901 conferre.
1065 1838 1331 1902 Cavenda
1361 1840 1537 1902 etiam
1568 1847 1656 1901 est
1685 1839 1907 1919 gloriae
1930 1839 2239 1921 cupiditaS,
2268 1846 2337 1902 ut
2364 1858 2543 1921 supra

321 1924 325 1929 ’
389 1925 538 1986 dixi:
586 1925 763 2006 eripit
810 1925 969 1987 enim
1009 1923 1338 1987 libertatem
1355 1970 1371 2000 ,
1427 1943 1538 2006 pro
1583 1943 1698 2007 qua
1735 1924 2129 2005 magnanimis
2167 1924 2308 1987 viris
2350 1926 2543 1987 omnis

389 2008 562 2071 debet
604 2028 732 2072 esse
763 2010 1085 2072 contentio.
1144 2009 1268 2071 Nec
1293 2028 1433 2072 vero
1480 2009 1727 2092 imperia
1758 2011 2080 2092 expetenda
2110 2028 2181 2073 ac
2209 2010 2411 2092 potius
2440 2017 2540 2072 aut

387 2113 508 2156 non
553 2094 894 2175 accipienda
924 2094 1220 2157 interdum
1253 2102 1355 2158 aut
1381 2095 1733 2176 deponenda
1762 2113 1884 2157 non
1915 2113 2259 2178 numquam.
2317 2095 2543 2158 Vacan-

387 2180 527 2242 dum
579 2188 773 2242 autem
820 2180 983 2242 omni
1043 2187 1131 2242 est
1173 2180 1353 2243 animi
1396 2180 1875 2263 perturbatione,
1939 2199 2074 2244 cum
2119 2180 2439 2263 cupiditate
2484 2189 2540 2244 et

383 2274 545 2328 metu
576 2274 702 2328 tum
745 2265 916 2327 etiam
946 2265 1314 2346 aegritudine
1355 2275 1414 2329 et
1439 2265 1741 2349 voluptate
1783 2265 2005 2345 [animi]
2037 2276 2093 2330 et
2122 2266 2444 2344 iracundia,
2475 2275 2542 2330 ut

385 2351 777 2433 tranquillitas
806 2350 986 2413 animi
1018 2360 1075 2414 et
1104 2352 1388 2415 securitas
1417 2353 1586 2429 adsit,
1618 2371 1768 2434 quae
1789 2353 1959 2415 aflert
1988 2372 2126 2415 cum
2148 2354 2540 2416 constantiam

382 2445 509 2499 tum
541 2437 715 2499 etiam
744 2436 1108 2516 dignitatem.

554 2522 721 2584 Multi
749 2530 946 2585 autem
981 2531 1038 2585 et
1066 2533 1207 2585 sunt
1236 2531 1296 2585 et
1324 2523 1604 2598 fuerunt,
1649 2522 1752 2604 qui
1782 2540 1941 2598 eam,
1976 2541 2151 2603 quam
2184 2523 2347 2599 dico,
2377 2532 2539 2586 tran-

383 2688 513 2742 nach
549 2704 760 2755 ausseu,
802 2689 938 2743 deun
974 2689 1092 2742 dem
1127 2689 1408 2743 Menschen

383 2772 448 2810 an
479 2757 595 2877 {Stich
627 2758 844 2810 heilsam
878 2758 948 2810 ist
983 2757 1067 2810 die
1103 2758 1290 2811 andere
1313 2758 1409 2822 Art

384 2839 479 2878 auc
520 2863 531 2876 .

456 2896 501 2947 1.
518 2908 679 2943 causa
690 2896 743 2942 ct
753 2896 916 2958 ratio,
932 2891 1022 2944 der
1032 2892 1205 2945 wahre
1217 2892 1405 2947 Grund.

451 2962 499 3012 9.
543 2964 689 3011 statu
731 2964 980 3027 naturae,
1016 2959 1273 3013 σύστασις

383 3021 532 3092 σική,
569 3027 992 3080 Leidenschaften
1014 3028 1119 3087 und
1137 3028 1323 3082 Gemiit
1359 3046 1409 3083 s·

381 3097 740 3163 bewegungen
778 3095 894 3148 sind
927 3095 1276 3151 Krankheiten
1318 3098 1409 3151 der

384 3164 561 3231 Seele,
612 3164 702 3217 der
736 3164 1021 3217 natm-liobe
1055 3164 1283 3219 Zustand
1317 3167 1408 3219 be-

294 3241 299 3246 ’
381 3232 521 3286 steht
565 3233 619 3286 in
654 3233 744 3285 der
778 3232 1208 3301 gleichmiissigen
1241 3233 1406 3302 Ruhe‚

381 3296 677 3371 ἀταραξία,
713 3316 753 3355 S.
789 3301 919 3355 Einl.
957 3301 1098 3370 517.

457 3372 533 3423 19.
559 3385 624 3420 ac
636 3372 838 3435 potius,
862 3369 1018 3423 oder
1039 3370 1304 3425 vielmehr.
1340 3388 1405 3423 ac

377 3453 433 3504 p.
468 3435 611 3489 dient
647 3437 748 3489 wie
784 3437 870 3488 vel
939 3442 1095 3505 otius,
1129 3454 1217 3492 um
1252 3439 1404 3492 einen

381 3503 728 3573 gebrauchten
762 3503 872 3559 Aus
969 3505 1035 3558 ck
1069 3523 1134 3559 zu
1164 3506 1405 3560 berichti-

381 3588 498 3641 gen.
551 3572 858 3626 adsum.l1
899 3589 999 3640 ego
1033 3578 1183 3627 omni
1219 3574 1402 3640 officio

381 3658 445 3694 ac
487 3645 671 3709 potius
711 3644 922 3710 pietate
961 3659 1093 3709 erga
1128 3648 1180 3694 tc
1214 3648 1406 3696 ceteris

378 3713 511 3762 satis
560 3709 724 3772 facio.
814 3708 916 3764 Das
969 3709 1186 3765 Str-eben
1239 3712 1404 3766 selbst

381 3776 513 3831 nach
538 3777 913 3832 Staatsfimtern
947 3778 1086 3832 kann
1123 3779 1224 3835 Cic.
1260 3781 1402 3834 nicht

379 3845 682 3911 verwerfen,
719 3862 760 3899 s.
797 3848 829 3912 5
851 3850 935 3903 71.

449 3917 530 3967 21.
570 3915 867 3981 cupiditate
889 3921 944 3967 et
962 3921 1122 3970 metu.
1159 3915 1259 3970 Der
1280 3931 1404 3984 gan-

381 3997 475 4035 zen
522 3981 833 4050 Erorterung
877 3983 1004 4051 liegt
1051 3983 1133 4037 die
1176 3985 1402 4039 stoische

1511 2688 1843 2756 Eintheilung
1878 2689 1968 2742 der
2001 2689 2428 2743 Leidenschaften
2471 2705 2539 2744 zu

1513 2757 1736 2823 Grunde,
1771 2758 1854 2810 die
1889 2772 1971 2810 am
2008 2757 2222 2811 Schluss
2258 2758 2392 2811 noch
2427 2759 2538 2812 ein-

1511 2826 1616 2878 mal
1650 2827 2144 2898 zusammengefasst
2168 2826 2390 2880 werden.
2444 2826 2538 2881 Die

1510 2894 1622 2947 vier
1666 2893 1983 2961 Hauptarten
2036 2894 2126 2947 der
2178 2895 2567 2971 Leidenschafts

1386 2990 1405 3002 -
1511 2961 1625 3015 sind
1661 2963 1967 3029 aegritudo,
2011 2962 2253 3016 Kummer
2290 2963 2417 3015 iiber
2451 2964 2537 3016 ein

1511 3031 1952 3098 gegenwfirtiges‚
1985 3036 2184 3097 metus,
2220 3031 2410 3084 Furcht
2442 3046 2539 3085 vor

1510 3099 1678 3150 einem
1702 3098 2043 3167 zukfinftigen
2066 3098 2255 3165 Uebel,
2290 3100 2538 3167 voluptas

1509 3166 1615 3220 und
1640 3167 1824 3233 libido,
1848 3167 2044 3220 Frende
2068 3182 2133 3220 an
2158 3167 2324 3220 ciuem
2344 3182 2538 3236 gegen-

1510 3234 1762 3302 wartigen
1786 3235 1892 3288 und
1908 3234 2196 3302 Verlangen
2217 3235 2349 3289 nach
2367 3236 2536 3289 einem

1509 3302 1848 3371 zukiinftigen
1872 3303 2020 3358 Gute.
2074 3301 2229 3360 Tusc.
2252 3302 2313 3356 111
2351 3307 2432 3370 11,
2452 3308 2535 3370 24,

1506 3369 1574 3422 IV
1599 3374 1649 3438 6,
1676 3375 1755 3426 11.
1807 3371 1907 3425 Der
1940 3372 2073 3426 Zorn
2107 3372 2178 3425 ist
2211 3372 2343 3425 nach
2378 3372 2533 3427 Tusc.

1506 3437 1574 3491 IV
1594 3442 1642 3507 9,
1654 3442 1715 3493 21
1740 3456 1834 3494 nur
1852 3440 1967 3494 eine
1981 3439 2223 3493 Unterart
2238 3440 2329 3493 der
2348 3440 2532 3494 libido.

1509 3511 1684 3560 animi
1717 3509 1896 3562 wiirde
1925 3525 1991 3562 zu
2025 3509 2274 3575 voluptas
2308 3510 2391 3562 ein
2428 3513 2536 3562 sto-

1506 3576 1690 3629 render
1707 3576 1893 3630 Zusatz
1912 3577 2051 3643 sein,
2081 3576 2146 3629 da
2170 3577 2281 3630 hier
2302 3578 2447 3631 nicht
2467 3594 2534 3631 an

1508 3643 1609 3698 den
1644 3644 1932 3713 Gegensatz
1975 3660 2081 3699 von
2116 3645 2394 3700 sinnlicher
2427 3645 2534 3699 und

1506 3712 1752 3833 geistiger
1784 3714 1910 3767 Lust
1955 3729 2019 3767 zu
2063 3712 2269 3767 denken
2302 3714 2389 3767 ist.
2462 3713 2532 3767 Es

1529 3780 1637 3834 ehlt
1659 3781 1927 3835 iiberdiess
1950 3782 2005 3834 in
2029 3781 2171 3834 einer
2191 3781 2316 3838 Hds.
2360 3782 2533 3835 Andre

1506 3849 1698 3903 wollen
1735 3850 1839 3903 vol.
1874 3853 2048 3901 nimia
2081 3850 2379 3916 schreiben‚
2426 3850 2533 3904 und

1506 3933 1566 3970 so
1620 3918 1750 3971 wird
1801 3918 2073 3972 bisweilen
2125 3918 2208 3971 die
2264 3919 2532 3972 ‘masslose

1505 3985 1645 4039 Lust'
1683 3991 1924 4054 genannt.

2589 1247 2648 1300 10

2589 1674 2646 1726 15

2585 2101 2644 2153 20
