2813 4537
165 1250 224 1301 10

170 1674 232 1724 15

173 2098 236 2149 20

740 288 749 293 “
842 340 849 347 .
884 295 985 348 DF>
1004 276 1279 349 orrlcns‘
1301 295 1421 351 un.
1442 295 1477 350 1.
1526 295 1680 359 ‚CAR
1710 299 1789 350 13.
2340 296 2422 357 57

266 465 640 529 Cannensem
688 488 950 550 pugnam
994 487 1145 550 quos
1174 468 1704 547 decemflannibal
1734 461 1982 532 Romam
2011 471 2285 534 astrictos
2313 473 2425 533 mi-

267 552 342 615 sit
373 553 503 615 iure
529 552 780 616 iurando
811 573 877 616 se
904 555 1202 617 redituros
1233 570 1382 630 esse,
1406 554 1521 616 nisi
1541 555 1616 616 de
1641 554 1999 617 redimendis
2024 556 2116 633 iis,
2141 558 2242 638 qui
2268 559 2423 640 capti

268 647 457 714 erant,
498 638 933 720 impetrassent,
978 659 1081 702 eos
1122 658 1331 702 omnes
1372 658 1681 716 censoreS‚
1710 640 1900 721 quoad
1934 641 2189 723 quisque
2217 661 2425 706 eorum

267 723 445 799 vixit,
493 725 596 805 qui
626 725 1020 806 peierassent‚
1068 727 1132 788 in
1162 725 1403 788 aerariis
1432 725 1832 806 reliquerunt,
1886 745 1999 789 nec
2028 727 2227 790 minus
2256 728 2424 791 illum

271 810 374 890 qui
424 809 570 872 iuris
614 810 846 873 iurandi
890 812 1095 874 fraude
1137 811 1373 893 culpam
1418 811 1737 874 invenerat.
1812 811 1961 874 Cum
2006 813 2166 874 enim
2194 814 2427 876 Hanni·

270 893 421 956 halis
452 896 746 976 permissu
773 896 991 961 exisset
1019 897 1093 960 de
1123 897 1362 972 castris,
1403 896 1580 960 rediit
1607 897 1787 978 paulo
1818 906 1987 978 post,
2035 899 2190 979 quod
2224 917 2288 961 se
2320 899 2427 961 ob-

270 979 442 1045 litum
475 981 676 1043 nescio
707 983 849 1063 quid
878 983 1117 1045 diceret.
1177 981 1403 1045 Deinde
1430 1001 1704 1063 egressus
1728 1001 1760 1044 e
1783 983 1991 1046 castris
2018 983 2146 1045 iure
2175 984 2429 1047 iurando

274 1084 337 1127 se
366 1066 627 1129 solutum
658 1067 932 1149 putabat,
980 1077 1038 1130 et
1068 1076 1194 1130 erat
1220 1068 1450 1143 verbis,
1498 1087 1566 1130 re
1595 1087 1718 1130 non
1752 1077 1892 1131 erat.
1953 1069 2203 1150 Semper
2230 1078 2426 1132 autem

272 1149 335 1213 in
366 1152 482 1215 fide
514 1152 656 1232 quid
686 1154 975 1230 senseriS‚
1019 1172 1140 1215 non
1188 1153 1330 1234 quid
1374 1154 1593 1216 dixeris
1622 1154 2021 1234 cogitandum.
2111 1155 2428 1218 Maximum

271 1244 468 1300 autem
499 1239 837 1320 exemplum
869 1248 960 1302 est
990 1239 1243 1302 iustitiae
1274 1239 1335 1299 in
1358 1240 1594 1301 hostem
1623 1259 1654 1302 a
1685 1239 2009 1302 maioribus
2033 1241 2253 1303 nostris
2282 1260 2432 1303 con·

274 1323 542 1396 stitutum
562 1369 579 1400 ,
624 1342 759 1387 cum
789 1345 822 1388 a
852 1325 1079 1407 Pyrrho
1124 1325 1370 1405 perfuga
1415 1325 1648 1387 senatui
1693 1333 1784 1386 est
1828 1325 2127 1406 pollicitus
2157 1345 2221 1388 se
2251 1345 2430 1389 vene-

275 1427 419 1471 num
465 1409 592 1489 regi
636 1412 912 1473 daturum
955 1419 1014 1473 et
1057 1429 1192 1473 eum
1235 1417 1615 1473 necaturum:
1663 1418 1906 1473 senatus
1936 1420 1995 1472 et
2025 1411 2087 1475 C.
2119 1411 2430 1474 Fabricius

275 1493 587 1574 perfugam
630 1495 859 1576 Pyrrho
902 1496 1145 1558 dedidit.
1215 1495 1302 1558 Ita
1345 1514 1422 1558 ne
1468 1496 1656 1558 hostis
1700 1496 1936 1577 quidem
1980 1505 2040 1558 et
2082 1497 2343 1578 potentis
2373 1508 2431 1559 et

278 1578 504 1641 bellum
546 1579 704 1642 ultro
751 1582 1057 1643 inferentis
1099 1581 1402 1643 interitum
1447 1600 1586 1644 cum
1630 1582 1851 1643 scelere
1880 1583 2268 1663 approbavit]
2346 1584 2431 1645 Ac

268 1664 350 1726 ‚de
379 1663 610 1727 bellicis
641 1667 877 1747 quidem
908 1666 1120 1729 officiis
1148 1668 1288 1728 satis
1318 1667 1542 1730 dictum
1572 1676 1679 1728 est.
1761 1667 2206 1730 Meminerimus
2234 1677 2431 1730 autem

273 1749 452 1812 etiam
498 1751 775 1814 adversus
827 1753 1064 1814 infimos
1112 1751 1395 1814 iustitiam
1455 1771 1583 1814 esse
1636 1752 1997 1814 servandam.
2088 1753 2193 1815 Est
2235 1763 2431 1816 autem

272 1835 474 1897 infima
498 1836 770 1899 condicio
796 1845 856 1900 et
875 1838 1113 1900 fortuna
1134 1855 1461 1913 servorum,
1495 1836 1712 1918 quibus
1734 1856 1856 1899 non
1884 1837 2035 1900 male
2058 1839 2433 1920 praecipiunt

278 1921 381 2001 qui
404 1922 487 1984 ita
506 1921 717 1984 iubent
734 1924 824 1986 uti
847 1931 914 1985 ut
934 1922 1388 1986 mercennariis:
1423 1941 1665 2004 operam
1690 1923 2055 2002 exigendam,
2087 1923 2238 1986 iusta
2260 1943 2431 2006 prae-

278 2005 492 2068 benda.
554 2006 703 2069 Cum
732 2017 929 2072 autem
958 2008 1193 2072 duobus
1223 2009 1445 2084 modiS‚
1491 2008 1549 2070 id
1582 2016 1673 2070 est
1700 2017 1801 2070 aut
1829 2009 1884 2069 vi
1915 2017 2016 2071 aut
2044 2010 2280 2085 fraude,
2319 2011 2434 2071 ‘fiat

278 2091 517 2168 iniuria,
549 2093 711 2156 fraus
741 2095 908 2175 quasi
936 2094 1302 2177 vulpeculae,
1331 2094 1420 2156 vis
1448 2094 1641 2156 leonis
1670 2094 1929 2156 videtur:
1972 2103 2293 2175 utrumque
2321 2097 2429 2157 ho·

275 2177 440 2238 mine
472 2177 931 2256 alienissimum,
977 2182 1078 2242 sed
1110 2180 1270 2242 fraus
1300 2179 1436 2241 odio
1467 2179 1646 2259 digna
1676 2180 1918 2242 maiore.
1999 2179 2208 2247 Totius
2237 2191 2433 2242 autem

273 2262 602 2328 iniustitiae
632 2264 793 2328 nulla
824 2265 1132 2348 capitalior
1177 2285 1351 2346 quam
1385 2284 1623 2341 eorum,
1669 2265 1958 2347 quitum,
2005 2284 2142 2328 cum
2184 2266 2435 2330 maxime

275 2413 388 2467 keit
429 2415 484 2466 in
532 2414 621 2468 der
668 2415 822 2468 Wahl
871 2416 960 2468 der
1004 2415 1306 2469 Ausdrficke

276 2482 418 2550 zeigt
435 2500 471 2534 a
487 2485 700 2551 Pyrrho
716 2483 953 2551 perfuga
964 2514 1006 2525 -
1014 2484 1306 2551 perfugam

423 2553 491 2603 Ιιο
529 2552 766 2619 dedidit,
799 2553 906 2605 und
940 2553 991 2605 in
1024 2552 1307 2606 denselben

349 2623 498 2673 orten
531 2621 603 2672 ist
638 2621 752 2673 eine
779 2621 1044 2674 schlechte
1069 2620 1308 2674 Satzver-

277 2687 527 2754 hindung.
580 2689 731 2741 Zwar
765 2689 909 2743 nicht
942 2689 1306 2756 grammatisch

278 2754 463 2822 [alsch‚
500 2756 622 2809 aber
650 2757 781 2810 doch
813 2758 1214 2825 ungewohnlich
1237 2759 1306 2810 ist

280 2824 428 2890 quod
446 2825 650 2876 diceret
666 2829 729 2891 (s.
748 2825 916 2879 Madv,
939 2829 970 2892 ξ
991 2830 1088 2881 357
1111 2841 1140 2878 a
1159 2825 1308 2878 Anni.

280 2891 352 2959 2),
377 2908 463 2945 wo
487 2894 633 2959 quod
650 2894 847 2946 oblitus
868 2900 1001 2946 esset
1024 2894 1149 2949 oder
1167 2895 1313 2960 quod

277 2977 337 3011 se
369 2961 472 3013 obl.
507 2978 618 3013 esse
648 2963 860 3015 dicebat
893 2967 1076 3031 gesagt
1099 2962 1310 3016 werden

279 3034 496 3082 musste.
541 3030 754 3097 eulpam
777 3034 1024 3083 invenire
1058 3032 1188 3084 wird
1219 3047 1310 3083 zur

279 3096 421 3150 Noth
455 3098 768 3166 vertheidigt
804 3100 962 3153 durch
1001 3099 1067 3152 ad
1089 3099 1309 3152 Herenn.

276 3164 346 3216 lV
384 3167 552 3231 36‚48
588 3183 706 3219 eam
740 3171 1192 3235 vituperationem
1226 3172 1313 3219 in-

281 3236 516 3287 venistis.

357 3304 434 3355 17.
462 3305 656 3369 quibus
676 3304 923 3357 vei-binde
945 3306 1041 3357 mit
1064 3308 1163 3357 uti.
1212 3303 1313 3356 Der

281 3369 566 3437 Hauptsatz
601 3387 713 3423 non
748 3389 819 3424 m.
851 3377 1200 3441 praecipiunt
1245 3373 1314 3425 ist

287 3438 339 3492 in
378 3438 478 3491 den
501 3440 867 3493 relativischen
890 3441 1182 3494 Nebensatz
1208 3441 1316 3493 ein-

288 3507 651 3574 geschlossen‚
699 3508 806 3561 und
851 3509 934 3561 die
968 3509 1185 3562 Periode
1221 3512 1317 3576 qui

286 3577 475 3627 iubent
515 3605 557 3616 -
605 3580 954 3644 praecipiunt
1005 3577 1162 3631 durch
1217 3578 1313 3631 den

289 3643 584 3698 Nebensatz
618 3645 918 3699 relativisch
961 3660 1025 3698 an
1061 3645 1152 3698 das
1187 3645 1317 3698 Vor-

287 3713 616 3782 hergehende
640 3715 1056 3781 angeschlossen,
1082 3729 1193 3766 was
1210 3714 1318 3767 bei-

287 3781 380 3834 des
438 3783 510 3834 im
571 3782 960 3849 Lateinischen‚
1032 3782 1177 3835 nicht
1246 3783 1318 3834 im

283 3849 580 3905 Deutscben
617 3852 848 3917 moglich
880 3851 966 3905 ist.
1037 3850 1141 3917 vgl.
1180 3851 1213 3919 5
1250 3853 1319 3905 46

282 3923 343 3970 in
383 3922 574 3985 quibus
609 3920 893 3989 praeclare
927 3923 1117 3986 agitur
1149 3922 1212 3971 si.

359 3992 437 4044 18.
489 3993 584 4057 qui
624 3993 703 4041 ita
752 3991 969 4041 iubent:
1021 3986 1216 4041 Seneca
1256 3987 1320 4041 de

1409 2416 1581 2469 benef.
1617 2416 1679 2468 111
1714 2418 1780 2469 22
1817 2433 1890 2483 pr.
1925 2434 2125 2490 servus,
2167 2423 2231 2468 ut
2258 2418 2439 2485 placet

1414 2485 1712 2552 Chrysippo
1727 2524 1744 2550 ,
1787 2490 2078 2551 perpetuus
2123 2502 2434 2537 mercenna-

1410 2556 1530 2604 rius
1554 2558 1643 2604 est.
1706 2552 1984 2618 Uebrigens
2020 2552 2204 2618 gehort
2239 2554 2321 2606 die
2344 2554 2434 2606 Er-

1410 2620 1673 2686 wfihnung
1708 2620 1798 2673 der
1822 2619 2042 2671 Sclaven
2078 2621 2221 2674 nicht
2254 2623 2307 2674 in
2334 2622 2437 2673 den

1410 2689 1866 2755 zusammenhang.

1478 2760 1640 2822 iusta,
1689 2757 1735 2809 d.
1774 2757 1808 2808 i.
1846 2756 2243 2823 rechtmfissiger
2276 2757 2440 2823 Lohn‚

1413 2825 1523 2878 also
1549 2824 1851 2891 Wohnung‚
1877 2823 2149 2892 Kleidung‚
2173 2824 2438 2893 Nam-ung,

1412 2893 1494 2946 die
1531 2894 1624 2947 auf
1653 2898 1686 2947 4
1733 2893 1858 2947 oder
1893 2898 1923 2946 5
1959 2892 2164 2946 Modien
2200 2893 2437 2946 Getreide

1413 2962 1696 3015 monatlich
1731 2962 2036 3028 festgesetzt
2072 2977 2194 3015 war.
2254 2962 2439 3016 Donat.

1412 3046 1460 3083 z.
1495 3030 1609 3084 Ter.
1646 3030 1852 3083 Phorm.
1888 3030 1908 3082 1
1948 3034 1992 3096 1,
2030 3032 2077 3083 9.

1485 3102 1570 3151 21.
1610 3099 1793 3151 Totius
1810 3101 2113 3150 iniustitiae
2131 3099 2298 3164 nulla,
2317 3101 2439 3151 ‘von

1415 3167 1553 3220 allen
1576 3166 1735 3219 Arten
1771 3165 1861 3218 der
1883 3165 2342 3233 Ungerechtigkeit
2369 3167 2441 3219 ist

1416 3235 1599 3289 keine’.
1630 3234 1729 3287 Um
1739 3234 2109 3287 verschiedene
2120 3234 2280 3286 Arten
2298 3235 2441 3287 eines

1419 3303 1711 3366 abstracten
1758 3301 1980 3368 Begrifl's
2034 3301 2440 3369 auszudn‘icken,

1417 3370 1635 3425 bedient'
1653 3371 1762 3424 sich
1788 3371 1890 3423 Cic.
1918 3370 2182 3424 entweder
2206 3371 2296 3424 des
2321 3370 2442 3423 Plu-

1417 3439 1548 3505 rals‚
1574 3439 1607 3507 ξ
1628 3442 1691 3493 78
1718 3438 2086 3501 fortitudines.
2140 3438 2173 3506 ὅ
2196 3442 2257 3493 19
2281 3440 2445 3492 multi

1418 3509 1638 3561 reditus.
1677 3508 1821 3576 §103
1847 3511 2066 3574 quietes.
2099 3509 2131 3573 ξ
2150 3511 2239 3561 131
2272 3509 2443 3560 tardi-

1421 3584 1557 3629 tates
1570 3581 1819 3643 ingressu
1834 3576 2124 3628 molliores,
2151 3575 2213 3627 111
2232 3575 2340 3643 §84
2362 3578 2445 3628 di-

1417 3650 1549 3698 urni
1571 3649 1933 3711 nocturnique
1953 3649 2139 3709 metus,
2164 3642 2289 3696 oder
2303 3644 2447 3698 einer

1419 3714 1830 3782 Umschreibung
1840 3714 1934 3765 mit
1953 3715 2128 3764 omnis
2140 3711 2264 3764 oder
2282 3718 2442 3781 cotue,

1419 3783 1440 3835 1
1469 3783 1579 3851 §95
1607 3786 1844 3851 pertinet
1863 3783 1938 3834 ad
1965 3796 2172 3833 omnem
2202 3783 2446 3834 honesta-

1421 3858 1539 3903 tem.
1590 3852 1692 3904 Fur
1726 3852 1824 3905 den
1848 3849 2126 3903 Gedanken
2161 3850 2266 3917 vgl.
2293 3849 2446 3904 Plato
2542 3844 2548 3850 ⁷

1422 3919 1486 3972 de
1512 3934 1619 3987 rep.
1638 3919 1682 3971 ΙΙ
1704 3922 1799 3972 361
1825 3934 1854 3971 a
1889 3915 2085 3984 ἐσχάτη
2104 3914 2223 4002 yde
2256 3912 2445 3970 ἀδικία

1423 3983 1601 4040 δοκεῖν
1637 3983 1849 4040 δίκαιον
1884 3985 2022 4039 εἶναι
2054 4005 2129 4052 μη
2162 3983 2315 4039 ὄντα.

2473 1595 2531 1647 41
