<?xml version="1.0" encoding="UTF-8"?>
<!DOCTYPE html PUBLIC "-//W3C//DTD XHTML 1.0 Transitional//EN"
    "http://www.w3.org/TR/xhtml1/DTD/xhtml1-transitional.dtd">
<html xmlns="http://www.w3.org/1999/xhtml" xml:lang="en" lang="en">
 <head>
  <title>
</title>
<meta http-equiv="Content-Type" content="text/html;charset=utf-8" />
  <meta name='ocr-system' content='tesseract 3.04.00' />
  <meta name='ocr-capabilities' content='ocr_page ocr_carea ocr_par ocr_line ocrx_word'/>
</head>
<body>
  <div class='ocr_page' id='page_1' title='image "./mtulliiciceroni01heingoog_0201.png"; bbox 0 0 2813 4537; ppageno 0'>
   <div class='ocr_carea' id='block_1_1' title="bbox 807 254 2451 346">
    <p class='ocr_par' dir='ltr' id='par_1_1' title="bbox 807 254 2451 346">
     <span class='ocr_line' id='line_1_1' title="bbox 807 254 2451 346; baseline 0.009 -13"><span class='ocrx_word' id='word_1_1' title='bbox 807 281 891 334; x_wconf 74' lang='lat' dir='ltr'>nn</span> <span class='ocrx_word' id='word_1_2' title='bbox 928 279 1189 333; x_wconf 73' lang='lat' dir='ltr'>omens</span> <span class='ocrx_word' id='word_1_3' title='bbox 1227 281 1344 336; x_wconf 77' lang='lat' dir='ltr'>Lm.</span> <span class='ocrx_word' id='word_1_4' title='bbox 1379 282 1458 336; x_wconf 89' lang='lat' dir='ltr'>1n.</span> <span class='ocrx_word' id='word_1_5' title='bbox 1532 281 1673 338; x_wconf 83' lang='lat' dir='ltr'>GAP.</span> <span class='ocrx_word' id='word_1_6' title='bbox 1700 288 1748 339; x_wconf 74' lang='grc' dir='ltr'>τ.</span> <span class='ocrx_word' id='word_1_7' title='bbox 1786 286 1834 338; x_wconf 87' lang='lat'>8.</span> <span class='ocrx_word' id='word_1_8' title='bbox 2285 284 2403 346; x_wconf 86' lang='lat'>195</span> <span class='ocrx_word' id='word_1_9' title='bbox 2441 254 2451 263; x_wconf 68' lang='grc'><strong>’</strong></span> 
     </span>
    </p>
   </div>
   <div class='ocr_carea' id='block_1_2' title="bbox 119 454 2504 2328">
    <p class='ocr_par' dir='ltr' id='par_1_2' title="bbox 119 454 2504 2328">
     <span class='ocr_line' id='line_1_2' title="bbox 243 454 2404 540; baseline 0.003 -25"><span class='ocrx_word' id='word_1_10' title='bbox 243 454 441 516; x_wconf 89' lang='lat' dir='ltr'>omnia</span> <span class='ocrx_word' id='word_1_11' title='bbox 487 454 720 529; x_wconf 89' lang='lat' dir='ltr'>docere,</span> <span class='ocrx_word' id='word_1_12' title='bbox 764 455 867 516; x_wconf 91' lang='lat' dir='ltr'>sed</span> <span class='ocrx_word' id='word_1_13' title='bbox 910 455 1213 534; x_wconf 90' lang='lat' dir='ltr'>postulare</span> <span class='ocrx_word' id='word_1_14' title='bbox 1255 462 1322 516; x_wconf 93' lang='lat' dir='ltr'>ut</span> <span class='ocrx_word' id='word_1_15' title='bbox 1360 457 1646 534; x_wconf 80' lang='lat' dir='ltr'><strong>quaedam</strong></span> <span class='ocrx_word' id='word_1_16' title='bbox 1677 457 1789 519; x_wconf 89' lang='lat' dir='ltr'>sibi</span> <span class='ocrx_word' id='word_1_17' title='bbox 1818 459 2242 536; x_wconf 90' lang='lat' dir='ltr'>concedantur,</span> <span class='ocrx_word' id='word_1_18' title='bbox 2285 480 2404 540; x_wconf 88' lang='lat' dir='ltr'>quo</span> 
     </span>
     <span class='ocr_line' id='line_1_3' title="bbox 238 538 2401 622; baseline 0.004 -23"><span class='ocrx_word' id='word_1_19' title='bbox 238 538 467 601; x_wconf 87' lang='lat' dir='ltr'>facilius</span> <span class='ocrx_word' id='word_1_20' title='bbox 510 558 660 619; x_wconf 91' lang='lat' dir='ltr'>quae</span> <span class='ocrx_word' id='word_1_21' title='bbox 702 539 912 601; x_wconf 86' lang='lat' dir='ltr'>volunt</span> <span class='ocrx_word' id='word_1_22' title='bbox 951 539 1266 619; x_wconf 80' lang='lat' dir='ltr'>explicent,</span> <span class='ocrx_word' id='word_1_23' title='bbox 1312 540 1398 601; x_wconf 91' lang='lat' dir='ltr'>sic</span> <span class='ocrx_word' id='word_1_24' title='bbox 1442 559 1551 621; x_wconf 84' lang='lat' dir='ltr'>ego</span> <span class='ocrx_word' id='word_1_25' title='bbox 1598 560 1631 603; x_wconf 91' lang='lat' dir='ltr'>a</span> <span class='ocrx_word' id='word_1_26' title='bbox 1673 550 1732 603; x_wconf 93' lang='lat' dir='ltr'>te</span> <span class='ocrx_word' id='word_1_27' title='bbox 1762 543 2019 622; x_wconf 75' lang='lat' dir='ltr'><strong>postule,</strong></span> <span class='ocrx_word' id='word_1_28' title='bbox 2064 545 2147 605; x_wconf 91' lang='lat' dir='ltr'>mi</span> <span class='ocrx_word' id='word_1_29' title='bbox 2179 545 2401 622; x_wconf 89' lang='lat' dir='ltr'>Cicero,</span> 
     </span>
     <span class='ocr_line' id='line_1_4' title="bbox 241 623 2402 707; baseline 0.002 -20"><span class='ocrx_word' id='word_1_30' title='bbox 241 633 308 687; x_wconf 87' lang='lat' dir='ltr'>ut</span> <span class='ocrx_word' id='word_1_31' title='bbox 350 623 496 685; x_wconf 92' lang='lat' dir='ltr'>mihi</span> <span class='ocrx_word' id='word_1_32' title='bbox 531 625 839 700; x_wconf 81' lang='lat' dir='ltr'>concedaS,</span> <span class='ocrx_word' id='word_1_33' title='bbox 886 625 936 686; x_wconf 96' lang='lat' dir='ltr'>si</span> <span class='ocrx_word' id='word_1_34' title='bbox 965 635 1156 704; x_wconf 86' lang='lat' dir='ltr'>potes,</span> <span class='ocrx_word' id='word_1_35' title='bbox 1203 624 1350 685; x_wconf 90' lang='lat' dir='ltr'>nihil</span> <span class='ocrx_word' id='word_1_36' title='bbox 1379 634 1618 705; x_wconf 88' lang='lat' dir='ltr'>praeter</span> <span class='ocrx_word' id='word_1_37' title='bbox 1645 628 1723 703; x_wconf 91' lang='lat' dir='ltr'>id,</span> <span class='ocrx_word' id='word_1_38' title='bbox 1770 630 1929 707; x_wconf 90' lang='lat' dir='ltr'>quod</span> <span class='ocrx_word' id='word_1_39' title='bbox 1959 629 2280 692; x_wconf 83' lang='lat' dir='ltr'>honestum</span> <span class='ocrx_word' id='word_1_40' title='bbox 2309 631 2402 707; x_wconf 87' lang='lat' dir='ltr'>sit,</span> 
     </span>
     <span class='ocr_line' id='line_1_5' title="bbox 239 710 2400 796; baseline 0.003 -26"><span class='ocrx_word' id='word_1_41' title='bbox 239 718 489 792; x_wconf 89' lang='lat' dir='ltr'>propter</span> <span class='ocrx_word' id='word_1_42' title='bbox 522 729 586 771; x_wconf 87' lang='lat' dir='ltr'>se</span> <span class='ocrx_word' id='word_1_43' title='bbox 630 729 758 772; x_wconf 92' lang='lat' dir='ltr'>esse</span> <span class='ocrx_word' id='word_1_44' title='bbox 804 711 1218 790; x_wconf 88' lang='lat' dir='ltr'>expetendum.</span> <span class='ocrx_word' id='word_1_45' title='bbox 1280 710 1386 771; x_wconf 92' lang='lat' dir='ltr'>Sin</span> <span class='ocrx_word' id='word_1_46' title='bbox 1432 712 1546 774; x_wconf 92' lang='lat' dir='ltr'>hoc</span> <span class='ocrx_word' id='word_1_47' title='bbox 1576 732 1702 774; x_wconf 93' lang='lat' dir='ltr'>non</span> <span class='ocrx_word' id='word_1_48' title='bbox 1733 712 1870 773; x_wconf 88' lang='lat' dir='ltr'>licet</span> <span class='ocrx_word' id='word_1_49' title='bbox 1898 732 2008 792; x_wconf 91' lang='lat' dir='ltr'>per</span> <span class='ocrx_word' id='word_1_50' title='bbox 2038 714 2400 796; x_wconf 81' lang='lat' dir='ltr'>Cratippum,</span> 
     </span>
     <span class='ocr_line' id='line_1_6' title="bbox 160 794 2402 880; baseline 0.003 -25"><span class='ocrx_word' id='word_1_51' title='bbox 160 805 197 855; x_wconf 77' lang='lat'>5</span> <span class='ocrx_word' id='word_1_52' title='bbox 237 804 298 857; x_wconf 91' lang='lat' dir='ltr'>at</span> <span class='ocrx_word' id='word_1_53' title='bbox 330 795 472 856; x_wconf 92' lang='lat' dir='ltr'>illud</span> <span class='ocrx_word' id='word_1_54' title='bbox 503 803 664 857; x_wconf 90' lang='lat' dir='ltr'>certe</span> <span class='ocrx_word' id='word_1_55' title='bbox 693 794 878 872; x_wconf 87' lang='lat' dir='ltr'>dabis,</span> <span class='ocrx_word' id='word_1_56' title='bbox 926 797 1085 875; x_wconf 90' lang='lat' dir='ltr'>quod</span> <span class='ocrx_word' id='word_1_57' title='bbox 1115 795 1437 858; x_wconf 90' lang='lat' dir='ltr'>honestum</span> <span class='ocrx_word' id='word_1_58' title='bbox 1465 797 1559 873; x_wconf 88' lang='lat' dir='ltr'>sit,</span> <span class='ocrx_word' id='word_1_59' title='bbox 1602 798 1662 859; x_wconf 93' lang='lat' dir='ltr'>id</span> <span class='ocrx_word' id='word_1_60' title='bbox 1693 816 1821 860; x_wconf 90' lang='lat' dir='ltr'>esse</span> <span class='ocrx_word' id='word_1_61' title='bbox 1851 816 2124 861; x_wconf 82' lang='lat' dir='ltr'><strong>maxume</strong></span> <span class='ocrx_word' id='word_1_62' title='bbox 2153 809 2402 880; x_wconf 89' lang='lat' dir='ltr'>propter</span> 
     </span>
     <span class='ocr_line' id='line_1_7' title="bbox 239 881 2400 961; baseline 0.002 -18"><span class='ocrx_word' id='word_1_63' title='bbox 239 900 303 943; x_wconf 87' lang='lat' dir='ltr'>se</span> <span class='ocrx_word' id='word_1_64' title='bbox 347 882 765 961; x_wconf 90' lang='lat' dir='ltr'>expetendum.</span> <span class='ocrx_word' id='word_1_65' title='bbox 837 881 981 942; x_wconf 91' lang='lat' dir='ltr'><strong>Mihi</strong></span> <span class='ocrx_word' id='word_1_66' title='bbox 1024 882 1312 943; x_wconf 87' lang='lat' dir='ltr'>utrumvis</span> <span class='ocrx_word' id='word_1_67' title='bbox 1356 882 1498 944; x_wconf 87' lang='lat' dir='ltr'>satis</span> <span class='ocrx_word' id='word_1_68' title='bbox 1542 891 1649 959; x_wconf 91' lang='lat' dir='ltr'>est,</span> <span class='ocrx_word' id='word_1_69' title='bbox 1694 891 1753 945; x_wconf 90' lang='lat' dir='ltr'>et</span> <span class='ocrx_word' id='word_1_70' title='bbox 1795 891 1925 945; x_wconf 90' lang='lat' dir='ltr'>tum</span> <span class='ocrx_word' id='word_1_71' title='bbox 1953 884 2068 946; x_wconf 88' lang='lat' dir='ltr'>hoe</span> <span class='ocrx_word' id='word_1_72' title='bbox 2098 893 2226 946; x_wconf 92' lang='lat' dir='ltr'>tum</span> <span class='ocrx_word' id='word_1_73' title='bbox 2255 886 2400 947; x_wconf 93' lang='lat' dir='ltr'>illud</span> 
     </span>
     <span class='ocr_line' id='line_1_8' title="bbox 235 965 2504 1051; baseline 0.003 -25"><span class='ocrx_word' id='word_1_74' title='bbox 235 965 602 1046; x_wconf 82' lang='lat' dir='ltr'>probabilius</span> <span class='ocrx_word' id='word_1_75' title='bbox 645 967 876 1028; x_wconf 88' lang='lat' dir='ltr'>videtur</span> <span class='ocrx_word' id='word_1_76' title='bbox 919 984 1030 1027; x_wconf 88' lang='lat' dir='ltr'>nec</span> <span class='ocrx_word' id='word_1_77' title='bbox 1072 974 1378 1046; x_wconf 87' lang='lat' dir='ltr'>praeterea</span> <span class='ocrx_word' id='word_1_78' title='bbox 1423 968 1741 1049; x_wconf 88' lang='lat' dir='ltr'>quicquam</span> <span class='ocrx_word' id='word_1_79' title='bbox 1779 970 2104 1050; x_wconf 83' lang='lat' dir='ltr'>probabile.</span> <span class='ocrx_word' id='word_1_80' title='bbox 2164 972 2247 1032; x_wconf 81' lang='lat' dir='ltr'>Ac</span> <span class='ocrx_word' id='word_1_81' title='bbox 2276 971 2402 1051; x_wconf 91' lang='lat' dir='ltr'>pri-</span> <span class='ocrx_word' id='word_1_82' title='bbox 2446 982 2504 1034; x_wconf 80' lang='lat'>34</span> 
     </span>
     <span class='ocr_line' id='line_1_9' title="bbox 236 1051 2399 1135; baseline 0.003 -23"><span class='ocrx_word' id='word_1_83' title='bbox 236 1070 401 1113; x_wconf 91' lang='lat' dir='ltr'>mum</span> <span class='ocrx_word' id='word_1_84' title='bbox 442 1052 504 1114; x_wconf 92' lang='lat' dir='ltr'>in</span> <span class='ocrx_word' id='word_1_85' title='bbox 552 1051 668 1112; x_wconf 91' lang='lat' dir='ltr'>hoc</span> <span class='ocrx_word' id='word_1_86' title='bbox 713 1051 1029 1114; x_wconf 82' lang='lat' dir='ltr'>Panaetius</span> <span class='ocrx_word' id='word_1_87' title='bbox 1073 1052 1484 1115; x_wconf 85' lang='lat' dir='ltr'>defendendus</span> <span class='ocrx_word' id='word_1_88' title='bbox 1524 1061 1632 1130; x_wconf 90' lang='lat' dir='ltr'>est,</span> <span class='ocrx_word' id='word_1_89' title='bbox 1680 1056 1841 1135; x_wconf 87' lang='lat' dir='ltr'>quod</span> <span class='ocrx_word' id='word_1_90' title='bbox 1885 1074 2009 1116; x_wconf 92' lang='lat' dir='ltr'>non</span> <span class='ocrx_word' id='word_1_91' title='bbox 2054 1055 2218 1117; x_wconf 90' lang='lat' dir='ltr'>utilia</span> <span class='ocrx_word' id='word_1_92' title='bbox 2261 1076 2399 1118; x_wconf 92' lang='lat' dir='ltr'>cum</span> 
     </span>
     <span class='ocr_line' id='line_1_10' title="bbox 236 1136 2399 1220; baseline 0.003 -22"><span class='ocrx_word' id='word_1_93' title='bbox 236 1136 504 1198; x_wconf 80' lang='lat' dir='ltr'>honestis</span> <span class='ocrx_word' id='word_1_94' title='bbox 546 1156 819 1217; x_wconf 84' lang='lat' dir='ltr'>pugnare</span> <span class='ocrx_word' id='word_1_95' title='bbox 860 1137 1177 1216; x_wconf 90' lang='lat' dir='ltr'>aliquando</span> <span class='ocrx_word' id='word_1_96' title='bbox 1217 1156 1395 1217; x_wconf 87' lang='lat' dir='ltr'>posse</span> <span class='ocrx_word' id='word_1_97' title='bbox 1440 1138 1651 1201; x_wconf 88' lang='lat' dir='ltr'>dixerit</span> <span class='ocrx_word' id='word_1_98' title='bbox 1679 1175 1765 1186; x_wconf 93' lang='lat'>—-·</span> <span class='ocrx_word' id='word_1_99' title='bbox 1795 1159 1991 1220; x_wconf 87' lang='lat' dir='ltr'>neque</span> <span class='ocrx_word' id='word_1_100' title='bbox 2037 1141 2197 1202; x_wconf 92' lang='lat' dir='ltr'>enim</span> <span class='ocrx_word' id='word_1_101' title='bbox 2228 1142 2283 1202; x_wconf 92' lang='lat' dir='ltr'>ei</span> <span class='ocrx_word' id='word_1_102' title='bbox 2311 1143 2399 1204; x_wconf 85' lang='lat' dir='ltr'>fas</span> 
     </span>
     <span class='ocr_line' id='line_1_11' title="bbox 131 1222 2397 1307; baseline 0.002 -24"><span class='ocrx_word' id='word_1_103' title='bbox 131 1231 193 1283; x_wconf 77' lang='lat'>1⁰</span> <span class='ocrx_word' id='word_1_104' title='bbox 237 1230 364 1283; x_wconf 89' lang='lat' dir='ltr'>erat</span> <span class='ocrx_word' id='word_1_105' title='bbox 404 1256 507 1297; x_wconf 86' lang='lat'>——‚</span> <span class='ocrx_word' id='word_1_106' title='bbox 553 1224 656 1283; x_wconf 92' lang='lat' dir='ltr'>sed</span> <span class='ocrx_word' id='word_1_107' title='bbox 700 1241 785 1298; x_wconf 89' lang='lat' dir='ltr'>ea,</span> <span class='ocrx_word' id='word_1_108' title='bbox 831 1242 981 1302; x_wconf 90' lang='lat' dir='ltr'>quae</span> <span class='ocrx_word' id='word_1_109' title='bbox 1021 1222 1365 1285; x_wconf 88' lang='lat' dir='ltr'>viderentur</span> <span class='ocrx_word' id='word_1_110' title='bbox 1406 1224 1592 1285; x_wconf 91' lang='lat' dir='ltr'>utilia.</span> <span class='ocrx_word' id='word_1_111' title='bbox 1667 1225 1825 1287; x_wconf 92' lang='lat' dir='ltr'>Nihil</span> <span class='ocrx_word' id='word_1_112' title='bbox 1867 1245 2008 1287; x_wconf 86' lang='lat' dir='ltr'>vero</span> <span class='ocrx_word' id='word_1_113' title='bbox 2049 1226 2193 1287; x_wconf 90' lang='lat' dir='ltr'>utile</span> <span class='ocrx_word' id='word_1_114' title='bbox 2238 1229 2397 1307; x_wconf 90' lang='lat' dir='ltr'>quod</span> 
     </span>
     <span class='ocr_line' id='line_1_12' title="bbox 235 1307 2394 1389; baseline 0.003 -22"><span class='ocrx_word' id='word_1_115' title='bbox 235 1326 359 1369; x_wconf 91' lang='lat' dir='ltr'>non</span> <span class='ocrx_word' id='word_1_116' title='bbox 401 1307 559 1369; x_wconf 92' lang='lat' dir='ltr'>idem</span> <span class='ocrx_word' id='word_1_117' title='bbox 602 1307 939 1384; x_wconf 89' lang='lat' dir='ltr'>honestum,</span> <span class='ocrx_word' id='word_1_118' title='bbox 986 1307 1134 1369; x_wconf 91' lang='lat' dir='ltr'>nihil</span> <span class='ocrx_word' id='word_1_119' title='bbox 1177 1308 1499 1370; x_wconf 89' lang='lat' dir='ltr'>honestum</span> <span class='ocrx_word' id='word_1_120' title='bbox 1544 1311 1704 1389; x_wconf 89' lang='lat' dir='ltr'>quod</span> <span class='ocrx_word' id='word_1_121' title='bbox 1749 1329 1873 1372; x_wconf 93' lang='lat' dir='ltr'>non</span> <span class='ocrx_word' id='word_1_122' title='bbox 1919 1311 2075 1372; x_wconf 92' lang='lat' dir='ltr'>idem</span> <span class='ocrx_word' id='word_1_123' title='bbox 2119 1312 2266 1373; x_wconf 90' lang='lat' dir='ltr'>utile</span> <span class='ocrx_word' id='word_1_124' title='bbox 2302 1313 2394 1388; x_wconf 87' lang='lat' dir='ltr'>sit,</span> 
     </span>
     <span class='ocr_line' id='line_1_13' title="bbox 233 1394 2395 1476; baseline 0.001 -21"><span class='ocrx_word' id='word_1_125' title='bbox 233 1411 409 1473; x_wconf 89' lang='lat' dir='ltr'>saepe</span> <span class='ocrx_word' id='word_1_126' title='bbox 450 1400 701 1455; x_wconf 88' lang='lat' dir='ltr'>testatur</span> <span class='ocrx_word' id='word_1_127' title='bbox 742 1402 1039 1474; x_wconf 84' lang='lat' dir='ltr'>negatque</span> <span class='ocrx_word' id='word_1_128' title='bbox 1079 1394 1258 1455; x_wconf 93' lang='lat' dir='ltr'>ullam</span> <span class='ocrx_word' id='word_1_129' title='bbox 1298 1402 1527 1476; x_wconf 89' lang='lat' dir='ltr'>pestem</span> <span class='ocrx_word' id='word_1_130' title='bbox 1567 1395 1853 1457; x_wconf 89' lang='lat' dir='ltr'>maiorem</span> <span class='ocrx_word' id='word_1_131' title='bbox 1897 1396 1959 1457; x_wconf 94' lang='lat' dir='ltr'>in</span> <span class='ocrx_word' id='word_1_132' title='bbox 1998 1396 2174 1458; x_wconf 89' lang='lat' dir='ltr'>vitam</span> <span class='ocrx_word' id='word_1_133' title='bbox 2204 1397 2395 1458; x_wconf 91' lang='lat' dir='ltr'>homi-</span> 
     </span>
     <span class='ocr_line' id='line_1_14' title="bbox 234 1474 2393 1561; baseline 0.002 -22"><span class='ocrx_word' id='word_1_134' title='bbox 234 1474 393 1560; x_wconf 46' lang='lat' dir='ltr'>num&#39;·</span> <span class='ocrx_word' id='word_1_135' title='bbox 435 1478 716 1540; x_wconf 87' lang='lat' dir='ltr'>invasisse</span> <span class='ocrx_word' id='word_1_136' title='bbox 769 1498 946 1559; x_wconf 91' lang='lat' dir='ltr'>quam</span> <span class='ocrx_word' id='word_1_137' title='bbox 999 1498 1208 1542; x_wconf 90' lang='lat' dir='ltr'>eorum</span> <span class='ocrx_word' id='word_1_138' title='bbox 1261 1479 1628 1561; x_wconf 86' lang='lat' dir='ltr'>opinionem,</span> <span class='ocrx_word' id='word_1_139' title='bbox 1682 1481 1785 1561; x_wconf 86' lang='lat' dir='ltr'>qui</span> <span class='ocrx_word' id='word_1_140' title='bbox 1836 1481 1947 1543; x_wconf 88' lang='lat' dir='ltr'>ista</span> <span class='ocrx_word' id='word_1_141' title='bbox 1997 1482 2393 1544; x_wconf 85' lang='lat' dir='ltr'>distraxerint.</span> 
     </span>
     <span class='ocr_line' id='line_1_15' title="bbox 231 1562 2395 1645; baseline 0.003 -22"><span class='ocrx_word' id='word_1_142' title='bbox 231 1562 438 1642; x_wconf 87' lang='lat' dir='ltr'>Itaque</span> <span class='ocrx_word' id='word_1_143' title='bbox 476 1582 601 1626; x_wconf 88' lang='lat' dir='ltr'>non</span> <span class='ocrx_word' id='word_1_144' title='bbox 643 1572 712 1625; x_wconf 91' lang='lat' dir='ltr'>ut</span> <span class='ocrx_word' id='word_1_145' title='bbox 752 1565 1067 1645; x_wconf 89' lang='lat' dir='ltr'>aliquando</span> <span class='ocrx_word' id='word_1_146' title='bbox 1108 1573 1612 1645; x_wconf 84' lang='lat' dir='ltr'>anteponeremus</span> <span class='ocrx_word' id='word_1_147' title='bbox 1653 1566 1819 1628; x_wconf 88' lang='lat' dir='ltr'>utilia</span> <span class='ocrx_word' id='word_1_148' title='bbox 1861 1567 2147 1642; x_wconf 87' lang='lat' dir='ltr'>honestis,</span> <span class='ocrx_word' id='word_1_149' title='bbox 2190 1569 2293 1629; x_wconf 88' lang='lat' dir='ltr'>sed</span> <span class='ocrx_word' id='word_1_150' title='bbox 2328 1576 2395 1630; x_wconf 86' lang='lat' dir='ltr'>ut</span> 
     </span>
     <span class='ocr_line' id='line_1_16' title="bbox 124 1648 2394 1730; baseline 0.003 -22"><span class='ocrx_word' id='word_1_151' title='bbox 124 1655 184 1708; x_wconf 79' lang='lat'>15</span> <span class='ocrx_word' id='word_1_152' title='bbox 230 1666 360 1710; x_wconf 91' lang='lat' dir='ltr'>eam</span> <span class='ocrx_word' id='word_1_153' title='bbox 382 1648 512 1710; x_wconf 91' lang='lat' dir='ltr'>sine</span> <span class='ocrx_word' id='word_1_154' title='bbox 542 1667 746 1710; x_wconf 90' lang='lat' dir='ltr'>errore</span> <span class='ocrx_word' id='word_1_155' title='bbox 775 1649 1248 1725; x_wconf 81' lang='lat' dir='ltr'>diiudicaremuS‚</span> <span class='ocrx_word' id='word_1_156' title='bbox 1278 1651 1328 1713; x_wconf 88' lang='lat' dir='ltr'>si</span> <span class='ocrx_word' id='word_1_157' title='bbox 1359 1651 1598 1730; x_wconf 90' lang='lat' dir='ltr'>quando</span> <span class='ocrx_word' id='word_1_158' title='bbox 1628 1651 1954 1727; x_wconf 82' lang='lat' dir='ltr'>incidisset,</span> <span class='ocrx_word' id='word_1_159' title='bbox 1985 1652 2219 1714; x_wconf 90' lang='lat' dir='ltr'>induxit</span> <span class='ocrx_word' id='word_1_160' title='bbox 2244 1672 2394 1729; x_wconf 89' lang='lat' dir='ltr'>eam,</span> 
     </span>
     <span class='ocr_line' id='line_1_17' title="bbox 231 1734 2396 1817; baseline 0.002 -21"><span class='ocrx_word' id='word_1_161' title='bbox 231 1752 384 1814; x_wconf 90' lang='lat' dir='ltr'>quae</span> <span class='ocrx_word' id='word_1_162' title='bbox 411 1734 709 1796; x_wconf 84' lang='lat' dir='ltr'>videretur</span> <span class='ocrx_word' id='word_1_163' title='bbox 739 1753 886 1810; x_wconf 86' lang='lat' dir='ltr'>esse,</span> <span class='ocrx_word' id='word_1_164' title='bbox 933 1752 1059 1796; x_wconf 91' lang='lat' dir='ltr'>non</span> <span class='ocrx_word' id='word_1_165' title='bbox 1091 1753 1243 1814; x_wconf 90' lang='lat' dir='ltr'>quae</span> <span class='ocrx_word' id='word_1_166' title='bbox 1274 1742 1447 1811; x_wconf 87' lang='lat' dir='ltr'>esset,</span> <span class='ocrx_word' id='word_1_167' title='bbox 1483 1736 1958 1816; x_wconf 85' lang='lat' dir='ltr'>repugnantiam.</span> <span class='ocrx_word' id='word_1_168' title='bbox 2017 1736 2185 1799; x_wconf 88' lang='lat' dir='ltr'>Hanc</span> <span class='ocrx_word' id='word_1_169' title='bbox 2215 1738 2396 1817; x_wconf 86' lang='lat' dir='ltr'>igitur</span> 
     </span>
     <span class='ocr_line' id='line_1_18' title="bbox 229 1818 2390 1899; baseline 0.001 -18"><span class='ocrx_word' id='word_1_170' title='bbox 229 1827 458 1898; x_wconf 87' lang='lat' dir='ltr'>partem</span> <span class='ocrx_word' id='word_1_171' title='bbox 502 1819 766 1880; x_wconf 86' lang='lat' dir='ltr'>relictam</span> <span class='ocrx_word' id='word_1_172' title='bbox 811 1818 1180 1899; x_wconf 88' lang='lat' dir='ltr'>explebimus</span> <span class='ocrx_word' id='word_1_173' title='bbox 1221 1819 1401 1882; x_wconf 91' lang='lat' dir='ltr'>nullis</span> <span class='ocrx_word' id='word_1_174' title='bbox 1446 1820 1836 1896; x_wconf 74' lang='lat' dir='ltr'>adniiniculi5‚</span> <span class='ocrx_word' id='word_1_175' title='bbox 1878 1821 2000 1895; x_wconf 88' lang='lat' dir='ltr'>sed,</span> <span class='ocrx_word' id='word_1_176' title='bbox 2044 1829 2112 1883; x_wconf 92' lang='lat' dir='ltr'>ut</span> <span class='ocrx_word' id='word_1_177' title='bbox 2156 1822 2390 1898; x_wconf 85' lang='lat' dir='ltr'>dicitur,</span> 
     </span>
     <span class='ocr_line' id='line_1_19' title="bbox 229 1903 2391 1987; baseline 0.002 -23"><span class='ocrx_word' id='word_1_178' title='bbox 229 1904 415 1964; x_wconf 88' lang='lat' dir='ltr'>Marte</span> <span class='ocrx_word' id='word_1_179' title='bbox 459 1911 688 1967; x_wconf 87' lang='lat' dir='ltr'>nostro.</span> <span class='ocrx_word' id='word_1_180' title='bbox 748 1903 954 1984; x_wconf 91' lang='lat' dir='ltr'>Neque</span> <span class='ocrx_word' id='word_1_181' title='bbox 997 1904 1157 1966; x_wconf 89' lang='lat' dir='ltr'>enim</span> <span class='ocrx_word' id='word_1_182' title='bbox 1200 1905 1520 1985; x_wconf 87' lang='lat' dir='ltr'>quicquam</span> <span class='ocrx_word' id='word_1_183' title='bbox 1556 1913 1645 1968; x_wconf 88' lang='lat' dir='ltr'>est</span> <span class='ocrx_word' id='word_1_184' title='bbox 1675 1907 1747 1968; x_wconf 94' lang='lat' dir='ltr'>de</span> <span class='ocrx_word' id='word_1_185' title='bbox 1777 1906 1887 1968; x_wconf 91' lang='lat' dir='ltr'>hac</span> <span class='ocrx_word' id='word_1_186' title='bbox 1918 1913 2086 1986; x_wconf 89' lang='lat' dir='ltr'>parte</span> <span class='ocrx_word' id='word_1_187' title='bbox 2113 1914 2251 1987; x_wconf 88' lang='lat' dir='ltr'>post</span> <span class='ocrx_word' id='word_1_188' title='bbox 2278 1906 2391 1968; x_wconf 91' lang='lat' dir='ltr'>Pa-</span> 
     </span>
     <span class='ocr_line' id='line_1_20' title="bbox 229 1989 2390 2071; baseline 0.001 -21"><span class='ocrx_word' id='word_1_189' title='bbox 229 1989 493 2050; x_wconf 90' lang='lat' dir='ltr'>naetium</span> <span class='ocrx_word' id='word_1_190' title='bbox 538 1990 914 2069; x_wconf 90' lang='lat' dir='ltr'>explicatum,</span> <span class='ocrx_word' id='word_1_191' title='bbox 961 1991 1120 2071; x_wconf 90' lang='lat' dir='ltr'>quod</span> <span class='ocrx_word' id='word_1_192' title='bbox 1163 1989 1404 2069; x_wconf 83' lang='lat' dir='ltr'>quidem</span> <span class='ocrx_word' id='word_1_193' title='bbox 1438 1989 1585 2052; x_wconf 90' lang='lat' dir='ltr'>mihi</span> <span class='ocrx_word' id='word_1_194' title='bbox 1613 1992 1989 2071; x_wconf 85' lang='lat' dir='ltr'>probaretur,</span> <span class='ocrx_word' id='word_1_195' title='bbox 2034 1992 2107 2053; x_wconf 94' lang='lat' dir='ltr'>de</span> <span class='ocrx_word' id='word_1_196' title='bbox 2137 1992 2209 2055; x_wconf 92' lang='lat' dir='ltr'>iis</span> <span class='ocrx_word' id='word_1_197' title='bbox 2239 2011 2390 2071; x_wconf 90' lang='lat' dir='ltr'>quae</span> 
     </span>
     <span class='ocr_line' id='line_1_21' title="bbox 119 2074 1059 2139; baseline 0 -2"><span class='ocrx_word' id='word_1_198' title='bbox 119 2084 181 2137; x_wconf 81' lang='lat'>20</span> <span class='ocrx_word' id='word_1_199' title='bbox 224 2074 288 2135; x_wconf 90' lang='lat' dir='ltr'>in</span> <span class='ocrx_word' id='word_1_200' title='bbox 316 2092 529 2136; x_wconf 84' lang='lat' dir='ltr'>manus</span> <span class='ocrx_word' id='word_1_201' title='bbox 556 2093 718 2138; x_wconf 91' lang='lat' dir='ltr'>meas</span> <span class='ocrx_word' id='word_1_202' title='bbox 746 2084 1059 2139; x_wconf 89' lang='lat' dir='ltr'>venerunt.</span> 
     </span>
     <span class='ocr_line' id='line_1_22' title="bbox 399 2160 2457 2243; baseline 0.002 -21"><span class='ocrx_word' id='word_1_203' title='bbox 399 2160 545 2223; x_wconf 90' lang='lat' dir='ltr'>Cum</span> <span class='ocrx_word' id='word_1_204' title='bbox 589 2161 772 2243; x_wconf 86' lang='lat' dir='ltr'>igitur</span> <span class='ocrx_word' id='word_1_205' title='bbox 811 2162 1005 2242; x_wconf 90' lang='lat' dir='ltr'>aliqua</span> <span class='ocrx_word' id='word_1_206' title='bbox 1046 2161 1276 2241; x_wconf 87' lang='lat' dir='ltr'>species</span> <span class='ocrx_word' id='word_1_207' title='bbox 1314 2161 1583 2224; x_wconf 86' lang='lat' dir='ltr'>utilitatis</span> <span class='ocrx_word' id='word_1_208' title='bbox 1611 2162 1841 2224; x_wconf 90' lang='lat' dir='ltr'>obiecta</span> <span class='ocrx_word' id='word_1_209' title='bbox 1871 2169 1978 2237; x_wconf 88' lang='lat' dir='ltr'>est,</span> <span class='ocrx_word' id='word_1_210' title='bbox 2024 2163 2383 2225; x_wconf 85' lang='lat' dir='ltr'>commoveri</span> <span class='ocrx_word' id='word_1_211' title='bbox 2420 2171 2457 2227; x_wconf 89' lang='lat'><strong>8</strong></span> 
     </span>
     <span class='ocr_line' id='line_1_23' title="bbox 227 2245 2491 2328; baseline 0.001 -21"><span class='ocrx_word' id='word_1_212' title='bbox 227 2263 471 2308; x_wconf 88' lang='lat' dir='ltr'>necesse</span> <span class='ocrx_word' id='word_1_213' title='bbox 513 2253 621 2308; x_wconf 88' lang='lat' dir='ltr'>est.</span> <span class='ocrx_word' id='word_1_214' title='bbox 683 2245 799 2309; x_wconf 90' lang='lat' dir='ltr'>Sed</span> <span class='ocrx_word' id='word_1_215' title='bbox 843 2248 911 2324; x_wconf 88' lang='lat' dir='ltr'>si,</span> <span class='ocrx_word' id='word_1_216' title='bbox 954 2266 1091 2310; x_wconf 89' lang='lat' dir='ltr'>eum</span> <span class='ocrx_word' id='word_1_217' title='bbox 1132 2247 1399 2310; x_wconf 91' lang='lat' dir='ltr'>animum</span> <span class='ocrx_word' id='word_1_218' title='bbox 1445 2247 1785 2324; x_wconf 86' lang='lat' dir='ltr'>attenderis,</span> <span class='ocrx_word' id='word_1_219' title='bbox 1824 2247 2257 2328; x_wconf 89' lang='lat' dir='ltr'>turpitudinem</span> <span class='ocrx_word' id='word_1_220' title='bbox 2299 2249 2384 2310; x_wconf 84' lang='lat' dir='ltr'>vi-</span> <span class='ocrx_word' id='word_1_221' title='bbox 2431 2251 2491 2303; x_wconf 82' lang='lat'>35</span> 
     </span>
    </p>
   </div>
   <div class='ocr_carea' id='block_1_3' title="bbox 214 2395 1256 4017">
    <p class='ocr_par' dir='ltr' id='par_1_3' title="bbox 225 2395 1256 2516">
     <span class='ocr_line' id='line_1_24' title="bbox 225 2396 1256 2463; baseline 0.002 -17"><span class='ocrx_word' id='word_1_222' title='bbox 225 2396 431 2447; x_wconf 75' lang='lat' dir='ltr'>honore</span> <span class='ocrx_word' id='word_1_223' title='bbox 457 2399 759 2460; x_wconf 78' lang='lat' dir='ltr'>geometria</span> <span class='ocrx_word' id='word_1_224' title='bbox 822 2399 922 2462; x_wconf 83' lang='lat' dir='ltr'>uit,</span> <span class='ocrx_word' id='word_1_225' title='bbox 958 2401 1142 2463; x_wconf 81' lang='lat' dir='ltr'>itaque</span> <span class='ocrx_word' id='word_1_226' title='bbox 1173 2401 1256 2448; x_wconf 80' lang='lat' dir='ltr'>ni-</span> 
     </span>
     <span class='ocr_line' id='line_1_25' title="bbox 793 2395 832 2456; baseline 0 0"><span class='ocrx_word' id='word_1_227' title='bbox 793 2395 832 2456; x_wconf 77' lang='lat' dir='ltr'><strong><em>f</em></strong></span> 
     </span>
     <span class='ocr_line' id='line_1_26' title="bbox 225 2464 1051 2516; baseline 0.002 -2"><span class='ocrx_word' id='word_1_228' title='bbox 225 2464 307 2514; x_wconf 77' lang='lat' dir='ltr'>kil</span> <span class='ocrx_word' id='word_1_229' title='bbox 337 2464 734 2515; x_wconf 77' lang='lat' dir='ltr'>mathematicis</span> <span class='ocrx_word' id='word_1_230' title='bbox 767 2464 1051 2516; x_wconf 71' lang='lat' dir='ltr'>illustrius.</span> 
     </span>
    </p>

    <p class='ocr_par' dir='ltr' id='par_1_4' title="bbox 224 2532 1255 2748">
     <span class='ocr_line' id='line_1_27' title="bbox 294 2532 1255 2600; baseline -0.003 -13"><span class='ocrx_word' id='word_1_231' title='bbox 294 2535 344 2587; x_wconf 86' lang='grc'>6.</span> <span class='ocrx_word' id='word_1_232' title='bbox 392 2537 503 2584; x_wconf 82' lang='lat' dir='ltr'>tum</span> <span class='ocrx_word' id='word_1_233' title='bbox 550 2532 652 2583; x_wconf 75' lang='lat' dir='ltr'>hoc</span> <span class='ocrx_word' id='word_1_234' title='bbox 706 2537 818 2583; x_wconf 84' lang='lat' dir='ltr'>tum</span> <span class='ocrx_word' id='word_1_235' title='bbox 878 2532 1019 2583; x_wconf 82' lang='lat' dir='ltr'>illud</span> <span class='ocrx_word' id='word_1_236' title='bbox 1057 2534 1255 2600; x_wconf 84' lang='lat' dir='ltr'>proba-</span> 
     </span>
     <span class='ocr_line' id='line_1_28' title="bbox 227 2599 1254 2666; baseline 0.004 -16"><span class='ocrx_word' id='word_1_237' title='bbox 227 2600 388 2651; x_wconf 76' lang='lat' dir='ltr'>bilius</span> <span class='ocrx_word' id='word_1_238' title='bbox 422 2600 650 2653; x_wconf 71' lang='lat' dir='ltr'>videtur.</span> <span class='ocrx_word' id='word_1_239' title='bbox 696 2599 867 2652; x_wconf 77' lang='lat' dir='ltr'>Ueber</span> <span class='ocrx_word' id='word_1_240' title='bbox 897 2600 1177 2666; x_wconf 78' lang='lat' dir='ltr'>probabile</span> <span class='ocrx_word' id='word_1_241' title='bbox 1211 2616 1254 2654; x_wconf 84' lang='lat' dir='ltr'>S.</span> 
     </span>
     <span class='ocr_line' id='line_1_29' title="bbox 224 2666 1253 2748; baseline 0.001 -29"><span class='ocrx_word' id='word_1_242' title='bbox 224 2667 357 2722; x_wconf 92' lang='lat' dir='ltr'>Einl.</span> <span class='ocrx_word' id='word_1_243' title='bbox 394 2667 428 2735; x_wconf 99' lang='lat'><strong>5</strong></span> <span class='ocrx_word' id='word_1_244' title='bbox 455 2672 483 2721; x_wconf 82' lang='lat'><strong>7</strong></span> <span class='ocrx_word' id='word_1_245' title='bbox 522 2685 571 2748; x_wconf 80' lang='lat' dir='ltr'>u.</span> <span class='ocrx_word' id='word_1_246' title='bbox 599 2684 643 2721; x_wconf 88' lang='lat' dir='ltr'>z.</span> <span class='ocrx_word' id='word_1_247' title='bbox 669 2668 703 2736; x_wconf 97' lang='lat'><strong>5</strong></span> <span class='ocrx_word' id='word_1_248' title='bbox 731 2671 812 2722; x_wconf 89' lang='grc'>20.</span> <span class='ocrx_word' id='word_1_249' title='bbox 854 2666 948 2721; x_wconf 88' lang='lat' dir='ltr'>Die</span> <span class='ocrx_word' id='word_1_250' title='bbox 970 2667 1253 2748; x_wconf 72' lang='lat' dir='ltr'>Altademie</span> 
     </span>
    </p>

    <p class='ocr_par' dir='ltr' id='par_1_5' title="bbox 218 2736 1254 3263">
     <span class='ocr_line' id='line_1_30' title="bbox 261 2736 1254 2884; baseline -0.001 -27"><span class='ocrx_word' id='word_1_251' title='bbox 261 2736 617 2873; x_wconf 56' lang='grc' dir='ltr'>ῖῖξῖῗῗὲιὶὲἒῖ,</span> <span class='ocrx_word' id='word_1_252' title='bbox 640 2736 1254 2884; x_wconf 52' lang='grc' dir='ltr'>13ἶέἒέξέῃῆῗὲιὲξέεὲξὲ</span> 
     </span>
     <span class='ocr_line' id='line_1_31' title="bbox 224 2871 1253 2926; baseline -0.001 -1"><span class='ocrx_word' id='word_1_253' title='bbox 224 2872 384 2925; x_wconf 83' lang='lat' dir='ltr'>Giiter</span> <span class='ocrx_word' id='word_1_254' title='bbox 408 2872 558 2925; x_wconf 89' lang='lat' dir='ltr'>einen</span> <span class='ocrx_word' id='word_1_255' title='bbox 577 2887 731 2924; x_wconf 84' lang='lat' dir='ltr'>wenn</span> <span class='ocrx_word' id='word_1_256' title='bbox 751 2873 882 2925; x_wconf 87' lang='lat' dir='ltr'>auch</span> <span class='ocrx_word' id='word_1_257' title='bbox 899 2888 970 2924; x_wconf 77' lang='lat' dir='ltr'>lm</span> <span class='ocrx_word' id='word_1_258' title='bbox 980 2871 1083 2926; x_wconf 87' lang='lat' dir='ltr'>Ver</span> <span class='ocrx_word' id='word_1_259' title='bbox 1118 2872 1253 2925; x_wconf 86' lang='lat' dir='ltr'>leich</span> 
     </span>
     <span class='ocr_line' id='line_1_32' title="bbox 222 2939 1253 3008; baseline 0.001 -16"><span class='ocrx_word' id='word_1_260' title='bbox 222 2941 318 2993; x_wconf 87' lang='lat' dir='ltr'>mit</span> <span class='ocrx_word' id='word_1_261' title='bbox 336 2939 426 2992; x_wconf 88' lang='lat' dir='ltr'>der</span> <span class='ocrx_word' id='word_1_262' title='bbox 443 2939 660 3006; x_wconf 79' lang='lat' dir='ltr'>Tugend</span> <span class='ocrx_word' id='word_1_263' title='bbox 688 2955 784 2992; x_wconf 89' lang='lat' dir='ltr'>nur</span> <span class='ocrx_word' id='word_1_264' title='bbox 807 2942 1052 3008; x_wconf 79' lang='lat' dir='ltr'>geringen</span> <span class='ocrx_word' id='word_1_265' title='bbox 1140 2942 1253 2993; x_wconf 77' lang='lat' dir='ltr'>etth</span> 
     </span>
     <span class='ocr_line' id='line_1_33' title="bbox 221 3007 1254 3093; baseline -0.001 -32"><span class='ocrx_word' id='word_1_266' title='bbox 221 3009 407 3073; x_wconf 86' lang='lat' dir='ltr'>haben,</span> <span class='ocrx_word' id='word_1_267' title='bbox 443 3008 566 3061; x_wconf 88' lang='lat' dir='ltr'>bald</span> <span class='ocrx_word' id='word_1_268' title='bbox 589 3008 679 3088; x_wconf 79' lang='lat' dir='ltr'>der</span> <span class='ocrx_word' id='word_1_269' title='bbox 702 3007 793 3060; x_wconf 86' lang='lat' dir='ltr'>der</span> <span class='ocrx_word' id='word_1_270' title='bbox 817 3008 1025 3063; x_wconf 86' lang='lat' dir='ltr'>Stoiker</span> <span class='ocrx_word' id='word_1_271' title='bbox 1057 3025 1122 3062; x_wconf 89' lang='lat' dir='ltr'>zu</span> <span class='ocrx_word' id='word_1_272' title='bbox 1156 3008 1254 3093; x_wconf 79' lang='lat' dir='ltr'>fol-</span> 
     </span>
     <span class='ocr_line' id='line_1_34' title="bbox 218 3075 1254 3263; baseline 0.002 -67"><span class='ocrx_word' id='word_1_273' title='bbox 218 3075 672 3263; x_wconf 49' lang='lat' dir='ltr'>{Zssafliergaffls‘</span> <span class='ocrx_word' id='word_1_274' title='bbox 688 3084 1254 3213; x_wconf 54' lang='lat' dir='ltr'>&#39;‘sissssffl‘ss&#39;iisqssffii</span> 
     </span>
    </p>

    <p class='ocr_par' dir='ltr' id='par_1_6' title="bbox 218 3212 1246 3414">
     <span class='ocr_line' id='line_1_35' title="bbox 258 3212 1246 3280; baseline 0.003 -16"><span class='ocrx_word' id='word_1_275' title='bbox 258 3212 491 3265; x_wconf 80' lang='lat' dir='ltr'>ureische</span> <span class='ocrx_word' id='word_1_276' title='bbox 526 3217 682 3265; x_wconf 74' lang='lat' dir='ltr'>zuruc</span> <span class='ocrx_word' id='word_1_277' title='bbox 720 3215 1010 3280; x_wconf 79' lang='lat' dir='ltr'>gewiesen,</span> <span class='ocrx_word' id='word_1_278' title='bbox 1047 3214 1246 3267; x_wconf 85' lang='lat' dir='ltr'>welche</span> 
     </span>
     <span class='ocr_line' id='line_1_36' title="bbox 218 3279 1246 3346; baseline 0.003 -15"><span class='ocrx_word' id='word_1_279' title='bbox 218 3279 303 3332; x_wconf 89' lang='lat' dir='ltr'>die</span> <span class='ocrx_word' id='word_1_280' title='bbox 328 3279 541 3346; x_wconf 79' lang='lat' dir='ltr'>Tugend</span> <span class='ocrx_word' id='word_1_281' title='bbox 579 3280 733 3332; x_wconf 87' lang='lat' dir='ltr'>allein</span> <span class='ocrx_word' id='word_1_282' title='bbox 766 3297 854 3334; x_wconf 90' lang='lat' dir='ltr'>um</span> <span class='ocrx_word' id='word_1_283' title='bbox 892 3281 982 3334; x_wconf 85' lang='lat' dir='ltr'>des</span> <span class='ocrx_word' id='word_1_284' title='bbox 1015 3282 1246 3335; x_wconf 86' lang='lat' dir='ltr'>Nutzens</span> 
     </span>
     <span class='ocr_line' id='line_1_37' title="bbox 219 3347 1086 3414; baseline 0.003 -15"><span class='ocrx_word' id='word_1_285' title='bbox 219 3347 399 3399; x_wconf 85' lang='lat' dir='ltr'>willen</span> <span class='ocrx_word' id='word_1_286' title='bbox 434 3347 595 3414; x_wconf 73' lang='lat' dir='ltr'>geubt</span> <span class='ocrx_word' id='word_1_287' title='bbox 630 3349 820 3401; x_wconf 85' lang='lat' dir='ltr'>wissen</span> <span class='ocrx_word' id='word_1_288' title='bbox 855 3349 1086 3402; x_wconf 87' lang='lat' dir='ltr'>wollten.</span> 
     </span>
    </p>

    <p class='ocr_par' dir='ltr' id='par_1_7' title="bbox 217 3416 1244 3635">
     <span class='ocr_line' id='line_1_38' title="bbox 289 3416 1244 3482; baseline 0.001 -14"><span class='ocrx_word' id='word_1_289' title='bbox 289 3421 337 3471; x_wconf 80' lang='lat'>7.</span> <span class='ocrx_word' id='word_1_290' title='bbox 371 3416 454 3468; x_wconf 83' lang='lat' dir='ltr'>Ac</span> <span class='ocrx_word' id='word_1_291' title='bbox 484 3418 723 3482; x_wconf 77' lang='lat' dir='ltr'>primum</span> <span class='ocrx_word' id='word_1_292' title='bbox 743 3420 805 3467; x_wconf 81' lang='lat' dir='ltr'>in</span> <span class='ocrx_word' id='word_1_293' title='bbox 828 3418 928 3469; x_wconf 78' lang='grc' dir='ltr'><strong><em>Ιιοο</em></strong></span> <span class='ocrx_word' id='word_1_294' title='bbox 952 3421 1049 3471; x_wconf 85' lang='lat' dir='ltr'>cet.</span> <span class='ocrx_word' id='word_1_295' title='bbox 1096 3417 1244 3470; x_wconf 83' lang='lat' dir='ltr'>Auch</span> 
     </span>
     <span class='ocr_line' id='line_1_39' title="bbox 219 3482 1244 3552; baseline 0 -14"><span class='ocrx_word' id='word_1_296' title='bbox 219 3499 386 3552; x_wconf 76' lang='lat' dir='ltr'>gagen</span> <span class='ocrx_word' id='word_1_297' title='bbox 413 3483 590 3537; x_wconf 85' lang='lat' dir='ltr'>diesen</span> <span class='ocrx_word' id='word_1_298' title='bbox 608 3482 853 3537; x_wconf 83' lang='lat' dir='ltr'>Vorwurf</span> <span class='ocrx_word' id='word_1_299' title='bbox 874 3486 943 3537; x_wconf 90' lang='lat' dir='ltr'>ist</span> <span class='ocrx_word' id='word_1_300' title='bbox 968 3485 1244 3538; x_wconf 83' lang='lat' dir='ltr'>Panaetius</span> 
     </span>
     <span class='ocr_line' id='line_1_40' title="bbox 217 3552 1141 3635; baseline 0 -30"><span class='ocrx_word' id='word_1_301' title='bbox 217 3553 381 3606; x_wconf 85' lang='lat' dir='ltr'>sehon</span> <span class='ocrx_word' id='word_1_302' title='bbox 417 3552 451 3620; x_wconf 81' lang='lat'><strong>5</strong></span> <span class='ocrx_word' id='word_1_303' title='bbox 493 3555 553 3607; x_wconf 89' lang='grc'>18</span> <span class='ocrx_word' id='word_1_304' title='bbox 589 3552 918 3634; x_wconf 57' lang='grc' dir='ltr'>νεξιῐιείᾶίςῑ.</span> <span class='ocrx_word' id='word_1_305' title='bbox 1130 3624 1141 3635; x_wconf 39' lang='lat'><em>⁰</em></span> 
     </span>
    </p>

    <p class='ocr_par' dir='ltr' id='par_1_8' title="bbox 214 3621 1245 4017">
     <span class='ocr_line' id='line_1_41' title="bbox 289 3621 1245 3702; baseline -0.003 -27"><span class='ocrx_word' id='word_1_306' title='bbox 289 3624 370 3675; x_wconf 84' lang='lat'>15.</span> <span class='ocrx_word' id='word_1_307' title='bbox 433 3637 581 3702; x_wconf 57' lang='lat' dir='ltr'>qam-2</span> <span class='ocrx_word' id='word_1_308' title='bbox 618 3621 772 3676; x_wconf 89' lang='lat' dir='ltr'>naml.</span> <span class='ocrx_word' id='word_1_309' title='bbox 806 3639 839 3672; x_wconf 82' lang='lat' dir='ltr'>r</span> <span class='ocrx_word' id='word_1_310' title='bbox 1020 3625 1245 3688; x_wconf 69' lang='lat' dir='ltr'>auitam,</span> 
     </span>
     <span class='ocr_line' id='line_1_42' title="bbox 218 3688 1244 3757; baseline 0 -17"><span class='ocrx_word' id='word_1_311' title='bbox 218 3704 329 3742; x_wconf 78' lang='lat' dir='ltr'>was</span> <span class='ocrx_word' id='word_1_312' title='bbox 347 3689 653 3742; x_wconf 75' lang='lat' dir='ltr'>abalchthch</span> <span class='ocrx_word' id='word_1_313' title='bbox 674 3706 738 3742; x_wconf 85' lang='lat' dir='ltr'>an</span> <span class='ocrx_word' id='word_1_314' title='bbox 759 3689 848 3742; x_wconf 88' lang='lat' dir='ltr'>das</span> <span class='ocrx_word' id='word_1_315' title='bbox 866 3689 1008 3742; x_wconf 89' lang='lat' dir='ltr'>Ende</span> <span class='ocrx_word' id='word_1_316' title='bbox 1032 3688 1244 3757; x_wconf 77' lang='lat' dir='ltr'>gestellt</span> 
     </span>
     <span class='ocr_line' id='line_1_43' title="bbox 216 3756 1245 3810; baseline -0.002 0"><span class='ocrx_word' id='word_1_317' title='bbox 216 3758 301 3810; x_wconf 80' lang='lat' dir='ltr'>ist.</span> <span class='ocrx_word' id='word_1_318' title='bbox 351 3756 443 3809; x_wconf 88' lang='lat' dir='ltr'>Die</span> <span class='ocrx_word' id='word_1_319' title='bbox 476 3757 626 3810; x_wconf 74' lang='lat' dir='ltr'>lidae.</span> <span class='ocrx_word' id='word_1_320' title='bbox 660 3759 827 3810; x_wconf 88' lang='lat' dir='ltr'>haben</span> <span class='ocrx_word' id='word_1_321' title='bbox 865 3775 927 3809; x_wconf 85' lang='lat' dir='ltr'>ea</span> <span class='ocrx_word' id='word_1_322' title='bbox 955 3787 996 3797; x_wconf 89' lang='lat'>-</span> <span class='ocrx_word' id='word_1_323' title='bbox 1022 3758 1245 3809; x_wconf 71' lang='lat' dir='ltr'>incidis-</span> 
     </span>
     <span class='ocr_line' id='line_1_44' title="bbox 214 3825 1244 3881; baseline 0 -4"><span class='ocrx_word' id='word_1_324' title='bbox 214 3831 348 3881; x_wconf 63' lang='lat' dir='ltr'>aaut.</span> <span class='ocrx_word' id='word_1_325' title='bbox 400 3825 538 3877; x_wconf 87' lang='lat' dir='ltr'>Aber</span> <span class='ocrx_word' id='word_1_326' title='bbox 574 3843 636 3877; x_wconf 84' lang='lat' dir='ltr'>ea</span> <span class='ocrx_word' id='word_1_327' title='bbox 671 3827 895 3881; x_wconf 82' lang='lat' dir='ltr'>diiudic.</span> <span class='ocrx_word' id='word_1_328' title='bbox 918 3825 1114 3879; x_wconf 73' lang='lat' dir='ltr'>konnte</span> <span class='ocrx_word' id='word_1_329' title='bbox 1149 3841 1244 3878; x_wconf 85' lang='lat' dir='ltr'>nur</span> 
     </span>
     <span class='ocr_line' id='line_1_45' title="bbox 214 3893 1242 3948; baseline -0.001 -1"><span class='ocrx_word' id='word_1_330' title='bbox 214 3895 423 3948; x_wconf 80' lang='lat' dir='ltr'>heissen</span> <span class='ocrx_word' id='word_1_331' title='bbox 452 3893 544 3946; x_wconf 82' lang='lat' dir='ltr'>das</span> <span class='ocrx_word' id='word_1_332' title='bbox 570 3893 843 3947; x_wconf 76' lang='lat' dir='ltr'>Nutzliche</span> <span class='ocrx_word' id='word_1_333' title='bbox 878 3894 984 3946; x_wconf 88' lang='lat' dir='ltr'>und</span> <span class='ocrx_word' id='word_1_334' title='bbox 1002 3893 1242 3947; x_wconf 85' lang='lat' dir='ltr'>Sittliche</span> 
     </span>
     <span class='ocr_line' id='line_1_46' title="bbox 216 3960 1243 4017; baseline 0 -2"><span class='ocrx_word' id='word_1_335' title='bbox 216 3962 375 4015; x_wconf 87' lang='lat' dir='ltr'>durch</span> <span class='ocrx_word' id='word_1_336' title='bbox 411 3962 504 4014; x_wconf 85' lang='lat' dir='ltr'>das</span> <span class='ocrx_word' id='word_1_337' title='bbox 527 3960 726 4015; x_wconf 85' lang='lat' dir='ltr'>Urtheil</span> <span class='ocrx_word' id='word_1_338' title='bbox 763 3962 1099 4017; x_wconf 83' lang='lat' dir='ltr'>auseinander</span> <span class='ocrx_word' id='word_1_339' title='bbox 1133 3962 1243 4015; x_wconf 85' lang='lat' dir='ltr'>hal-</span> 
     </span>
    </p>
   </div>
   <div class='ocr_carea' id='block_1_4' title="bbox 1344 2396 2390 4028">
    <p class='ocr_par' dir='ltr' id='par_1_9' title="bbox 1355 2396 2390 2721">
     <span class='ocr_line' id='line_1_47' title="bbox 1359 2396 2384 2465; baseline 0.002 -16"><span class='ocrx_word' id='word_1_340' title='bbox 1359 2402 1463 2451; x_wconf 88' lang='lat' dir='ltr'>ten.</span> <span class='ocrx_word' id='word_1_341' title='bbox 1533 2396 1680 2449; x_wconf 86' lang='lat' dir='ltr'>Danu</span> <span class='ocrx_word' id='word_1_342' title='bbox 1728 2398 1867 2448; x_wconf 64' lang='lat' dir='ltr'>ware</span> <span class='ocrx_word' id='word_1_343' title='bbox 1915 2397 2037 2449; x_wconf 86' lang='lat' dir='ltr'>aber</span> <span class='ocrx_word' id='word_1_344' title='bbox 2079 2401 2130 2448; x_wconf 76' lang='lat' dir='ltr'>si</span> <span class='ocrx_word' id='word_1_345' title='bbox 2168 2400 2384 2465; x_wconf 77' lang='lat' dir='ltr'>quando</span> 
     </span>
     <span class='ocr_line' id='line_1_48' title="bbox 1355 2464 2383 2530; baseline 0.004 -15"><span class='ocrx_word' id='word_1_346' title='bbox 1355 2466 1675 2516; x_wconf 73' lang='lat' dir='ltr'>incidissent</span> <span class='ocrx_word' id='word_1_347' title='bbox 1700 2464 1784 2515; x_wconf 85' lang='lat' dir='ltr'>ein</span> <span class='ocrx_word' id='word_1_348' title='bbox 1812 2465 2164 2530; x_wconf 83' lang='lat' dir='ltr'>unpassender</span> <span class='ocrx_word' id='word_1_349' title='bbox 2180 2466 2383 2520; x_wconf 80' lang='lat' dir='ltr'>Zusatz.</span> 
     </span>
     <span class='ocr_line' id='line_1_49' title="bbox 1356 2531 2390 2587; baseline 0.002 -4"><span class='ocrx_word' id='word_1_350' title='bbox 1356 2531 1477 2584; x_wconf 86' lang='lat' dir='ltr'>Hier</span> <span class='ocrx_word' id='word_1_351' title='bbox 1522 2531 1722 2584; x_wconf 86' lang='lat' dir='ltr'>kommt</span> <span class='ocrx_word' id='word_1_352' title='bbox 1769 2546 1826 2583; x_wconf 90' lang='lat' dir='ltr'>es</span> <span class='ocrx_word' id='word_1_353' title='bbox 1872 2531 2111 2585; x_wconf 75' lang='lat' dir='ltr'>iiberdies</span> <span class='ocrx_word' id='word_1_354' title='bbox 2156 2549 2252 2586; x_wconf 90' lang='lat' dir='ltr'>nur</span> <span class='ocrx_word' id='word_1_355' title='bbox 2297 2535 2390 2587; x_wconf 74' lang='lat' dir='ltr'>auf</span> 
     </span>
     <span class='ocr_line' id='line_1_50' title="bbox 1357 2598 2385 2669; baseline 0.003 -18"><span class='ocrx_word' id='word_1_356' title='bbox 1357 2600 1441 2652; x_wconf 89' lang='lat' dir='ltr'>die</span> <span class='ocrx_word' id='word_1_357' title='bbox 1489 2598 1877 2666; x_wconf 79' lang='lat' dir='ltr'>Entscheidung</span> <span class='ocrx_word' id='word_1_358' title='bbox 1932 2599 2073 2652; x_wconf 87' lang='lat' dir='ltr'>eines</span> <span class='ocrx_word' id='word_1_359' title='bbox 2126 2602 2385 2669; x_wconf 79' lang='lat' dir='ltr'>etwaigen</span> 
     </span>
     <span class='ocr_line' id='line_1_51' title="bbox 1357 2667 1756 2721; baseline 0.003 -2"><span class='ocrx_word' id='word_1_360' title='bbox 1357 2667 1635 2720; x_wconf 84' lang='lat' dir='ltr'>Conflictes</span> <span class='ocrx_word' id='word_1_361' title='bbox 1672 2683 1756 2721; x_wconf 85' lang='lat' dir='ltr'>an.</span> 
     </span>
    </p>

    <p class='ocr_par' dir='ltr' id='par_1_10' title="bbox 1355 2733 2385 2928">
     <span class='ocr_line' id='line_1_52' title="bbox 1424 2733 2385 2802; baseline 0.002 -15"><span class='ocrx_word' id='word_1_362' title='bbox 1424 2736 1674 2801; x_wconf 75' lang='lat' dir='ltr'>induxit,</span> <span class='ocrx_word' id='word_1_363' title='bbox 1730 2735 1819 2788; x_wconf 82' lang='lat' dir='ltr'>hat</span> <span class='ocrx_word' id='word_1_364' title='bbox 1866 2734 1920 2786; x_wconf 92' lang='lat' dir='ltr'>in</span> <span class='ocrx_word' id='word_1_365' title='bbox 1967 2733 2109 2786; x_wconf 88' lang='lat' dir='ltr'>seine</span> <span class='ocrx_word' id='word_1_366' title='bbox 2156 2735 2385 2802; x_wconf 88' lang='lat' dir='ltr'>philoso-</span> 
     </span>
     <span class='ocr_line' id='line_1_53' title="bbox 1356 2802 2384 2873; baseline 0.001 -17"><span class='ocrx_word' id='word_1_367' title='bbox 1356 2804 1572 2873; x_wconf 88' lang='lat' dir='ltr'>phische</span> <span class='ocrx_word' id='word_1_368' title='bbox 1649 2802 2045 2869; x_wconf 78' lang='lat' dir='ltr'>Untersuchung</span> <span class='ocrx_word' id='word_1_369' title='bbox 2119 2803 2384 2871; x_wconf 78' lang='lat' dir='ltr'>hereinge-</span> 
     </span>
     <span class='ocr_line' id='line_1_54' title="bbox 1355 2887 1539 2928; baseline 0.027 -5"><span class='ocrx_word' id='word_1_370' title='bbox 1355 2888 1418 2926; x_wconf 87' lang='lat' dir='ltr'>zo</span> <span class='ocrx_word' id='word_1_371' title='bbox 1457 2887 1539 2928; x_wconf 88' lang='lat' dir='ltr'>en.</span> 
     </span>
    </p>

    <p class='ocr_par' dir='ltr' id='par_1_11' title="bbox 1355 2888 2382 3075">
     <span class='ocr_line' id='line_1_55' title="bbox 1422 2888 2382 3007; baseline -0.002 -13"><span class='ocrx_word' id='word_1_372' title='bbox 1422 2888 1506 2994; x_wconf 46' lang='lat'>56.</span> <span class='ocrx_word' id='word_1_373' title='bbox 1545 2955 1683 3006; x_wconf 77' lang='lat' dir='ltr'>quae</span> <span class='ocrx_word' id='word_1_374' title='bbox 1715 2940 1996 2991; x_wconf 77' lang='lat' dir='ltr'>videretur</span> <span class='ocrx_word' id='word_1_375' title='bbox 2030 2954 2139 2990; x_wconf 65' lang='lat' dir='ltr'>esee</span> <span class='ocrx_word' id='word_1_376' title='bbox 2173 2969 2213 2978; x_wconf 93' lang='lat'>-—</span> <span class='ocrx_word' id='word_1_377' title='bbox 2245 2957 2382 3007; x_wconf 75' lang='lat' dir='ltr'>quae</span> 
     </span>
     <span class='ocr_line' id='line_1_56' title="bbox 1355 3007 2176 3075; baseline 0.002 -16"><span class='ocrx_word' id='word_1_378' title='bbox 1355 3013 1504 3075; x_wconf 74' lang='lat' dir='ltr'>esset,</span> <span class='ocrx_word' id='word_1_379' title='bbox 1538 3007 1809 3060; x_wconf 84' lang='lat' dir='ltr'>scheinbar</span> <span class='ocrx_word' id='word_1_380' title='bbox 1843 3037 1887 3045; x_wconf 96' lang='lat'><strong>—</strong></span> <span class='ocrx_word' id='word_1_381' title='bbox 1924 3007 2176 3062; x_wconf 82' lang='lat' dir='ltr'>wirklich.</span> 
     </span>
    </p>

    <p class='ocr_par' dir='ltr' id='par_1_12' title="bbox 1344 3075 2381 3483">
     <span class='ocr_line' id='line_1_57' title="bbox 1426 3075 2381 3142; baseline -0.003 -11"><span class='ocrx_word' id='word_1_382' title='bbox 1426 3082 1508 3131; x_wconf 82' lang='lat'>17.</span> <span class='ocrx_word' id='word_1_383' title='bbox 1524 3077 1635 3142; x_wconf 78' lang='lat' dir='ltr'>sed,</span> <span class='ocrx_word' id='word_1_384' title='bbox 1650 3080 1715 3127; x_wconf 79' lang='lat' dir='ltr'>ut</span> <span class='ocrx_word' id='word_1_385' title='bbox 1731 3076 1952 3141; x_wconf 83' lang='lat' dir='ltr'>dicitur,</span> <span class='ocrx_word' id='word_1_386' title='bbox 1972 3075 2148 3127; x_wconf 81' lang='lat' dir='ltr'>Marte</span> <span class='ocrx_word' id='word_1_387' title='bbox 2164 3081 2350 3128; x_wconf 72' lang='lat' dir='ltr'>nostro</span> <span class='ocrx_word' id='word_1_388' title='bbox 2361 3097 2381 3127; x_wconf 92' lang='grc'>.·</span> 
     </span>
     <span class='ocr_line' id='line_1_58' title="bbox 1348 3142 2381 3266; baseline 0 -70"><span class='ocrx_word' id='word_1_389' title='bbox 1348 3145 1478 3265; x_wconf 61' lang='lat' dir='ltr'>‘einloizJ</span> <span class='ocrx_word' id='word_1_390' title='bbox 1505 3142 2273 3266; x_wconf 47' lang='lat' dir='ltr'>{pi-{ch’wt&#39;irlthiplhenRgdenggrt</span> <span class='ocrx_word' id='word_1_391' title='bbox 2299 3144 2381 3196; x_wconf 64' lang='lat' dir='ltr'>(fir</span> 
     </span>
     <span class='ocr_line' id='line_1_59' title="bbox 1364 3228 2378 3267; baseline -0.002 -1"><span class='ocrx_word' id='word_1_392' title='bbox 1364 3229 1422 3266; x_wconf 87' lang='lat' dir='ltr'>se</span> <span class='ocrx_word' id='word_1_393' title='bbox 1481 3229 1507 3266; x_wconf 82' lang='lat' dir='ltr'>s</span> <span class='ocrx_word' id='word_1_394' title='bbox 1532 3229 1598 3265; x_wconf 87' lang='lat' dir='ltr'>an</span> <span class='ocrx_word' id='word_1_395' title='bbox 1632 3228 1651 3262; x_wconf 89' lang='lat'>1</span> <span class='ocrx_word' id='word_1_396' title='bbox 1701 3252 1716 3267; x_wconf 93' lang='lat'>.</span> <span class='ocrx_word' id='word_1_397' title='bbox 1907 3250 1919 3262; x_wconf 88' lang='lat'>.</span> <span class='ocrx_word' id='word_1_398' title='bbox 2275 3228 2378 3264; x_wconf 70' lang='lat' dir='ltr'>rem</span> 
     </span>
     <span class='ocr_line' id='line_1_60' title="bbox 1349 3226 2378 3347; baseline -0.001 -14"><span class='ocrx_word' id='word_1_399' title='bbox 1349 3285 1491 3333; x_wconf 79' lang='lat' dir='ltr'>enim</span> <span class='ocrx_word' id='word_1_400' title='bbox 1538 3226 1798 3347; x_wconf 67' lang='lat' dir='ltr'>ipsegma</span> <span class='ocrx_word' id='word_1_401' title='bbox 1831 3284 2020 3346; x_wconf 63' lang='lat' dir='ltr'>sponte</span> <span class='ocrx_word' id='word_1_402' title='bbox 2052 3250 2378 3332; x_wconf 72' lang='lat' dir='ltr'>-’simulat-</span> 
     </span>
     <span class='ocr_line' id='line_1_61' title="bbox 1347 3349 2375 3416; baseline 0.001 -15"><span class='ocrx_word' id='word_1_403' title='bbox 1347 3366 1450 3416; x_wconf 81' lang='lat' dir='ltr'>que</span> <span class='ocrx_word' id='word_1_404' title='bbox 1496 3349 1710 3400; x_wconf 82' lang='lat' dir='ltr'>audivit</span> <span class='ocrx_word' id='word_1_405' title='bbox 1757 3350 1873 3399; x_wconf 76' lang='lat' dir='ltr'>eius</span> <span class='ocrx_word' id='word_1_406' title='bbox 1918 3350 2201 3398; x_wconf 78' lang='lat' dir='ltr'>interitum</span> <span class='ocrx_word' id='word_1_407' title='bbox 2212 3387 2229 3415; x_wconf 94' lang='lat'>,</span> <span class='ocrx_word' id='word_1_408' title='bbox 2279 3366 2375 3402; x_wconf 72' lang='lat' dir='ltr'>suo</span> 
     </span>
     <span class='ocr_line' id='line_1_62' title="bbox 1344 3417 2181 3483; baseline -0.002 -13"><span class='ocrx_word' id='word_1_409' title='bbox 1344 3417 1523 3470; x_wconf 78' lang='lat' dir='ltr'>Marte</span> <span class='ocrx_word' id='word_1_410' title='bbox 1561 3433 1648 3468; x_wconf 70' lang='lat' dir='ltr'>res</span> <span class='ocrx_word' id='word_1_411' title='bbox 1682 3433 1809 3467; x_wconf 74' lang='lat' dir='ltr'>suas</span> <span class='ocrx_word' id='word_1_412' title='bbox 1841 3418 2181 3483; x_wconf 72' lang='lat' dir='ltr'>reciperavit.</span> 
     </span>
    </p>

    <p class='ocr_par' dir='ltr' id='par_1_13' title="bbox 1345 3484 2377 3688">
     <span class='ocr_line' id='line_1_63' title="bbox 1418 3484 2377 3551; baseline -0.001 -14"><span class='ocrx_word' id='word_1_413' title='bbox 1418 3488 1498 3539; x_wconf 87' lang='lat'>19.</span> <span class='ocrx_word' id='word_1_414' title='bbox 1536 3484 1682 3551; x_wconf 80' lang='lat' dir='ltr'>quod</span> <span class='ocrx_word' id='word_1_415' title='bbox 1707 3484 1922 3550; x_wconf 78' lang='lat' dir='ltr'>quidem</span> <span class='ocrx_word' id='word_1_416' title='bbox 1956 3485 2093 3535; x_wconf 73' lang='lat' dir='ltr'>milti</span> <span class='ocrx_word' id='word_1_417' title='bbox 2121 3488 2377 3551; x_wconf 80' lang='lat' dir='ltr'>probare-</span> 
     </span>
     <span class='ocr_line' id='line_1_64' title="bbox 1345 3551 2376 3607; baseline 0.002 -3"><span class='ocrx_word' id='word_1_418' title='bbox 1345 3559 1474 3606; x_wconf 81' lang='lat' dir='ltr'>tur.-</span> <span class='ocrx_word' id='word_1_419' title='bbox 1510 3553 1621 3606; x_wconf 85' lang='lat' dir='ltr'>also</span> <span class='ocrx_word' id='word_1_420' title='bbox 1657 3551 1790 3605; x_wconf 80' lang='lat' dir='ltr'>auch</span> <span class='ocrx_word' id='word_1_421' title='bbox 1824 3551 1907 3603; x_wconf 87' lang='lat' dir='ltr'>die</span> <span class='ocrx_word' id='word_1_422' title='bbox 1932 3551 2128 3605; x_wconf 79' lang='lat' dir='ltr'>Schrift</span> <span class='ocrx_word' id='word_1_423' title='bbox 2162 3553 2252 3605; x_wconf 86' lang='lat' dir='ltr'>des</span> <span class='ocrx_word' id='word_1_424' title='bbox 2276 3553 2376 3607; x_wconf 90' lang='lat' dir='ltr'>Po-</span> 
     </span>
     <span class='ocr_line' id='line_1_65' title="bbox 1349 3619 2373 3688; baseline 0.001 -13"><span class='ocrx_word' id='word_1_425' title='bbox 1349 3622 1582 3675; x_wconf 83' lang='lat' dir='ltr'>sidonius</span> <span class='ocrx_word' id='word_1_426' title='bbox 1600 3620 1768 3683; x_wconf 80' lang='lat' dir='ltr'>nicht3</span> <span class='ocrx_word' id='word_1_427' title='bbox 1792 3636 1834 3675; x_wconf 83' lang='lat' dir='ltr'>S.</span> <span class='ocrx_word' id='word_1_428' title='bbox 1851 3619 1982 3672; x_wconf 92' lang='lat' dir='ltr'>Einl.</span> <span class='ocrx_word' id='word_1_429' title='bbox 2005 3619 2037 3688; x_wconf 87' lang='lat'><strong>5</strong></span> <span class='ocrx_word' id='word_1_430' title='bbox 2061 3623 2125 3674; x_wconf 87' lang='lat'>30</span> <span class='ocrx_word' id='word_1_431' title='bbox 2144 3638 2192 3674; x_wconf 92' lang='lat' dir='ltr'>u.</span> <span class='ocrx_word' id='word_1_432' title='bbox 2214 3636 2257 3673; x_wconf 86' lang='lat' dir='ltr'>z.</span> <span class='ocrx_word' id='word_1_433' title='bbox 2278 3621 2373 3688; x_wconf 86' lang='lat'>58.</span> 
     </span>
    </p>

    <p class='ocr_par' dir='ltr' id='par_1_14' title="bbox 1346 3688 2376 4028">
     <span class='ocr_line' id='line_1_66' title="bbox 1417 3688 2373 3744; baseline 0 -2"><span class='ocrx_word' id='word_1_434' title='bbox 1417 3693 1499 3744; x_wconf 82' lang='lat'>21.</span> <span class='ocrx_word' id='word_1_435' title='bbox 1521 3692 1844 3743; x_wconf 79' lang='lat' dir='ltr'>commoveri</span> <span class='ocrx_word' id='word_1_436' title='bbox 1857 3705 2067 3740; x_wconf 72' lang='lat' dir='ltr'>necesse</span> <span class='ocrx_word' id='word_1_437' title='bbox 2088 3694 2177 3740; x_wconf 72' lang='lat' dir='ltr'>est.</span> <span class='ocrx_word' id='word_1_438' title='bbox 2212 3688 2373 3742; x_wconf 87' lang='lat' dir='ltr'>Einen</span> 
     </span>
     <span class='ocr_line' id='line_1_67' title="bbox 1346 3756 2376 3822; baseline 0.001 -13"><span class='ocrx_word' id='word_1_439' title='bbox 1346 3757 1609 3811; x_wconf 81' lang='lat' dir='ltr'>Eindruck</span> <span class='ocrx_word' id='word_1_440' title='bbox 1632 3773 1773 3810; x_wconf 78' lang='lat' dir='ltr'>muse</span> <span class='ocrx_word' id='word_1_441' title='bbox 1798 3756 1889 3809; x_wconf 87' lang='lat' dir='ltr'>das</span> <span class='ocrx_word' id='word_1_442' title='bbox 1916 3756 2101 3822; x_wconf 89' lang='lat' dir='ltr'>Object</span> <span class='ocrx_word' id='word_1_443' title='bbox 2124 3757 2213 3808; x_wconf 85' lang='lat' dir='ltr'>der</span> <span class='ocrx_word' id='word_1_444' title='bbox 2237 3758 2376 3810; x_wconf 86' lang='lat' dir='ltr'>sinn·</span> 
     </span>
     <span class='ocr_line' id='line_1_68' title="bbox 1347 3824 2376 3894; baseline -0.001 -17"><span class='ocrx_word' id='word_1_445' title='bbox 1347 3826 1519 3879; x_wconf 89' lang='lat' dir='ltr'>lichen</span> <span class='ocrx_word' id='word_1_446' title='bbox 1567 3826 1989 3892; x_wconf 79' lang='lat' dir='ltr'>Wahrnehmung</span> <span class='ocrx_word' id='word_1_447' title='bbox 2041 3824 2376 3894; x_wconf 80' lang='lat' dir='ltr'>nothwendig</span> 
     </span>
     <span class='ocr_line' id='line_1_69' title="bbox 1347 3892 2373 3948; baseline 0 -2"><span class='ocrx_word' id='word_1_448' title='bbox 1347 3894 1440 3948; x_wconf 80' lang='lat' dir='ltr'>auf</span> <span class='ocrx_word' id='word_1_449' title='bbox 1472 3911 1569 3947; x_wconf 85' lang='lat' dir='ltr'>uns</span> <span class='ocrx_word' id='word_1_450' title='bbox 1603 3893 1834 3947; x_wconf 82' lang='lat' dir='ltr'>macheu.</span> <span class='ocrx_word' id='word_1_451' title='bbox 1888 3892 1965 3945; x_wconf 89' lang='lat' dir='ltr'>Ob</span> <span class='ocrx_word' id='word_1_452' title='bbox 1991 3892 2087 3946; x_wconf 84' lang='lat' dir='ltr'>wir</span> <span class='ocrx_word' id='word_1_453' title='bbox 2111 3893 2235 3946; x_wconf 82' lang='lat' dir='ltr'>aber</span> <span class='ocrx_word' id='word_1_454' title='bbox 2258 3894 2373 3946; x_wconf 87' lang='lat' dir='ltr'>dem</span> 
     </span>
     <span class='ocr_line' id='line_1_70' title="bbox 1346 3961 2375 4028; baseline -0.002 -14"><span class='ocrx_word' id='word_1_455' title='bbox 1346 3962 1605 4016; x_wconf 86' lang='lat' dir='ltr'>Eindruck</span> <span class='ocrx_word' id='word_1_456' title='bbox 1656 3962 1982 4014; x_wconf 84' lang='lat' dir='ltr'>beistimmen</span> <span class='ocrx_word' id='word_1_457' title='bbox 2033 3961 2223 4013; x_wconf 85' lang='lat' dir='ltr'>wollen</span> <span class='ocrx_word' id='word_1_458' title='bbox 2272 3965 2375 4028; x_wconf 74' lang='lat' dir='ltr'>(as-</span> 
     </span>
    </p>
   </div>
   <div class='ocr_carea' id='block_1_5' title="bbox 1889 4047 1996 4099">
    <p class='ocr_par' dir='ltr' id='par_1_15' title="bbox 1889 4047 1996 4099">
     <span class='ocr_line' id='line_1_71' title="bbox 1889 4047 1996 4099; baseline 0 0"><span class='ocrx_word' id='word_1_459' title='bbox 1889 4047 1996 4099; x_wconf 86' lang='lat'>13*</span> 
     </span>
    </p>
   </div>
  </div>
 </body>
</html>
