<?xml version="1.0" encoding="UTF-8"?>
<!DOCTYPE html PUBLIC "-//W3C//DTD XHTML 1.0 Transitional//EN"
    "http://www.w3.org/TR/xhtml1/DTD/xhtml1-transitional.dtd">
<html xmlns="http://www.w3.org/1999/xhtml" xml:lang="en" lang="en">
 <head>
  <title>
</title>
<meta http-equiv="Content-Type" content="text/html;charset=utf-8" />
  <meta name='ocr-system' content='tesseract 3.04.00' />
  <meta name='ocr-capabilities' content='ocr_page ocr_carea ocr_par ocr_line ocrx_word'/>
</head>
<body>
  <div class='ocr_page' id='page_1' title='image "./mtulliiciceroni01heingoog_0200.png"; bbox 0 0 2813 4537; ppageno 0'>
   <div class='ocr_carea' id='block_1_1' title="bbox 414 255 1981 317">
    <p class='ocr_par' dir='ltr' id='par_1_1' title="bbox 414 255 1981 317">
     <span class='ocr_line' id='line_1_1' title="bbox 414 255 1981 317; baseline -0.004 0"><span class='ocrx_word' id='word_1_1' title='bbox 414 255 540 317; x_wconf 82' lang='grc'><strong>194</strong></span> <span class='ocrx_word' id='word_1_2' title='bbox 988 257 1073 311; x_wconf 85' lang='lat' dir='ltr'><strong>DE</strong></span> <span class='ocrx_word' id='word_1_3' title='bbox 1109 256 1370 311; x_wconf 76' lang='lat' dir='ltr'><strong>orrlcus</strong></span> <span class='ocrx_word' id='word_1_4' title='bbox 1406 255 1526 312; x_wconf 78' lang='grc' dir='ltr'><strong>ΗΒ.</strong></span> <span class='ocrx_word' id='word_1_5' title='bbox 1549 256 1627 311; x_wconf 85' lang='lat'><strong>111.</strong></span> <span class='ocrx_word' id='word_1_6' title='bbox 1680 257 1823 312; x_wconf 76' lang='lat' dir='ltr'><strong>GAP.</strong></span> <span class='ocrx_word' id='word_1_7' title='bbox 1848 262 1895 312; x_wconf 86' lang='grc'><strong>6.</strong></span> <span class='ocrx_word' id='word_1_8' title='bbox 1933 261 1981 311; x_wconf 88' lang='grc'><strong>7.</strong></span> 
     </span>
    </p>
   </div>
   <div class='ocr_carea' id='block_1_2' title="bbox 304 426 2673 1534">
    <p class='ocr_par' dir='ltr' id='par_1_2' title="bbox 304 426 2673 1534">
     <span class='ocr_line' id='line_1_2' title="bbox 408 426 2562 511; baseline -0.002 -17"><span class='ocrx_word' id='word_1_9' title='bbox 408 442 477 495; x_wconf 88' lang='lat' dir='ltr'><strong>ut</strong></span> <span class='ocrx_word' id='word_1_10' title='bbox 518 431 784 494; x_wconf 83' lang='lat' dir='ltr'><strong>membra</strong></span> <span class='ocrx_word' id='word_1_11' title='bbox 826 426 1115 511; x_wconf 75' lang='lat' dir='ltr'><strong>quaedam</strong></span> <span class='ocrx_word' id='word_1_12' title='bbox 1152 440 1558 511; x_wconf 83' lang='lat' dir='ltr'><strong>amputantur,</strong></span> <span class='ocrx_word' id='word_1_13' title='bbox 1607 431 1659 493; x_wconf 92' lang='lat' dir='ltr'><strong>si</strong></span> <span class='ocrx_word' id='word_1_14' title='bbox 1702 439 1762 492; x_wconf 90' lang='lat' dir='ltr'><strong>et</strong></span> <span class='ocrx_word' id='word_1_15' title='bbox 1803 430 1932 509; x_wconf 88' lang='lat' dir='ltr'><strong>ipsa</strong></span> <span class='ocrx_word' id='word_1_16' title='bbox 1973 430 2266 511; x_wconf 90' lang='lat' dir='ltr'><strong>sanguine</strong></span> <span class='ocrx_word' id='word_1_17' title='bbox 2308 437 2369 491; x_wconf 91' lang='lat' dir='ltr'><strong>et</strong></span> <span class='ocrx_word' id='word_1_18' title='bbox 2408 437 2562 490; x_wconf 84' lang='lat' dir='ltr'><strong>tam-</strong></span> 
     </span>
     <span class='ocr_line' id='line_1_3' title="bbox 410 515 2563 598; baseline -0.002 -19"><span class='ocrx_word' id='word_1_19' title='bbox 410 536 588 598; x_wconf 82' lang='lat' dir='ltr'><strong>quam</strong></span> <span class='ocrx_word' id='word_1_20' title='bbox 628 517 842 597; x_wconf 89' lang='lat' dir='ltr'><strong>spiritu</strong></span> <span class='ocrx_word' id='word_1_21' title='bbox 883 535 1086 578; x_wconf 89' lang='lat' dir='ltr'><strong>carere</strong></span> <span class='ocrx_word' id='word_1_22' title='bbox 1120 525 1472 598; x_wconf 82' lang='lat' dir='ltr'><strong>coeperunt,</strong></span> <span class='ocrx_word' id='word_1_23' title='bbox 1519 524 1578 577; x_wconf 89' lang='lat' dir='ltr'><strong>et</strong></span> <span class='ocrx_word' id='word_1_24' title='bbox 1606 524 1830 577; x_wconf 80' lang='lat' dir='ltr'><strong>nocent</strong></span> <span class='ocrx_word' id='word_1_25' title='bbox 1857 515 2102 596; x_wconf 83' lang='lat' dir='ltr'><strong>reliquis</strong></span> <span class='ocrx_word' id='word_1_26' title='bbox 2127 515 2398 596; x_wconf 85' lang='lat' dir='ltr'><strong>partibus</strong></span> <span class='ocrx_word' id='word_1_27' title='bbox 2425 532 2563 575; x_wconf 87' lang='lat' dir='ltr'><strong>cor-</strong></span> 
     </span>
     <span class='ocr_line' id='line_1_4' title="bbox 408 600 2559 685; baseline -0.003 -20"><span class='ocrx_word' id='word_1_28' title='bbox 408 603 602 685; x_wconf 84' lang='lat' dir='ltr'><strong>poris,</strong></span> <span class='ocrx_word' id='word_1_29' title='bbox 653 602 738 664; x_wconf 92' lang='lat' dir='ltr'><strong>sic</strong></span> <span class='ocrx_word' id='word_1_30' title='bbox 788 602 899 663; x_wconf 89' lang='lat' dir='ltr'><strong>ista</strong></span> <span class='ocrx_word' id='word_1_31' title='bbox 940 602 1004 663; x_wconf 90' lang='lat' dir='ltr'><strong>in</strong></span> <span class='ocrx_word' id='word_1_32' title='bbox 1043 603 1234 682; x_wconf 86' lang='lat' dir='ltr'><strong>figura</strong></span> <span class='ocrx_word' id='word_1_33' title='bbox 1274 601 1535 664; x_wconf 87' lang='lat' dir='ltr'><strong>hominis</strong></span> <span class='ocrx_word' id='word_1_34' title='bbox 1575 601 1776 663; x_wconf 77' lang='lat' dir='ltr'><strong>feritas</strong></span> <span class='ocrx_word' id='word_1_35' title='bbox 1818 610 1878 662; x_wconf 94' lang='lat' dir='ltr'><strong>et</strong></span> <span class='ocrx_word' id='word_1_36' title='bbox 1916 602 2235 664; x_wconf 80' lang='lat' dir='ltr'><strong>inmanitas</strong></span> <span class='ocrx_word' id='word_1_37' title='bbox 2272 600 2483 661; x_wconf 89' lang='lat' dir='ltr'><strong>beluae</strong></span> <span class='ocrx_word' id='word_1_38' title='bbox 2525 617 2559 659; x_wconf 91' lang='lat' dir='ltr'><strong>a</strong></span> 
     </span>
     <span class='ocr_line' id='line_1_5' title="bbox 408 684 2562 767; baseline -0.002 -17"><span class='ocrx_word' id='word_1_39' title='bbox 408 687 714 750; x_wconf 88' lang='lat' dir='ltr'><strong>communi</strong></span> <span class='ocrx_word' id='word_1_40' title='bbox 755 695 1055 766; x_wconf 81' lang='lat' dir='ltr'><strong>tamquam</strong></span> <span class='ocrx_word' id='word_1_41' title='bbox 1095 686 1478 748; x_wconf 88' lang='lat' dir='ltr'><strong>humanitatis</strong></span> <span class='ocrx_word' id='word_1_42' title='bbox 1518 705 1772 766; x_wconf 89' lang='lat' dir='ltr'><strong>corpore</strong></span> <span class='ocrx_word' id='word_1_43' title='bbox 1812 688 2175 767; x_wconf 88' lang='lat' dir='ltr'><strong>segreganda</strong></span> <span class='ocrx_word' id='word_1_44' title='bbox 2204 695 2312 748; x_wconf 87' lang='lat' dir='ltr'><strong>est.</strong></span> <span class='ocrx_word' id='word_1_45' title='bbox 2369 684 2562 758; x_wconf 79' lang='lat' dir='ltr'><strong>Huius</strong></span> 
     </span>
     <span class='ocr_line' id='line_1_6' title="bbox 409 770 2643 854; baseline -0.002 -19"><span class='ocrx_word' id='word_1_46' title='bbox 409 772 647 854; x_wconf 88' lang='lat' dir='ltr'><strong>generis</strong></span> <span class='ocrx_word' id='word_1_47' title='bbox 685 772 1064 852; x_wconf 74' lang='lat' dir='ltr'><strong>quaestiones</strong></span> <span class='ocrx_word' id='word_1_48' title='bbox 1103 781 1246 834; x_wconf 89' lang='lat' dir='ltr'><strong>sunt</strong></span> <span class='ocrx_word' id='word_1_49' title='bbox 1287 790 1497 833; x_wconf 91' lang='lat' dir='ltr'><strong>omnes</strong></span> <span class='ocrx_word' id='word_1_50' title='bbox 1527 790 1649 846; x_wconf 89' lang='lat' dir='ltr'><strong>eae,</strong></span> <span class='ocrx_word' id='word_1_51' title='bbox 1690 772 1755 834; x_wconf 91' lang='lat' dir='ltr'><strong>in</strong></span> <span class='ocrx_word' id='word_1_52' title='bbox 1782 771 1998 851; x_wconf 80' lang='lat' dir='ltr'><strong>quibus</strong></span> <span class='ocrx_word' id='word_1_53' title='bbox 2025 790 2098 834; x_wconf 81' lang='lat' dir='ltr'><strong>ex</strong></span> <span class='ocrx_word' id='word_1_54' title='bbox 2127 782 2399 851; x_wconf 89' lang='lat' dir='ltr'><strong>tempore</strong></span> <span class='ocrx_word' id='word_1_55' title='bbox 2427 770 2560 831; x_wconf 86' lang='lat' dir='ltr'><strong>offi-</strong></span> <span class='ocrx_word' id='word_1_56' title='bbox 2606 779 2643 830; x_wconf 78' lang='lat'><strong>5</strong></span> 
     </span>
     <span class='ocr_line' id='line_1_7' title="bbox 408 857 944 936; baseline -0.002 -17"><span class='ocrx_word' id='word_1_57' title='bbox 408 859 567 920; x_wconf 87' lang='lat' dir='ltr'><strong>cium</strong></span> <span class='ocrx_word' id='word_1_58' title='bbox 596 857 944 936; x_wconf 84' lang='lat' dir='ltr'><strong>exquiritur.</strong></span> 
     </span>
     <span class='ocr_line' id='line_1_8' title="bbox 341 940 2559 1022; baseline 0 -20"><span class='ocrx_word' id='word_1_59' title='bbox 341 947 375 1002; x_wconf 76' lang='lat'><strong>&#39;7</strong></span> <span class='ocrx_word' id='word_1_60' title='bbox 577 942 722 1005; x_wconf 88' lang='lat' dir='ltr'><strong>Eius</strong></span> <span class='ocrx_word' id='word_1_61' title='bbox 761 943 923 1005; x_wconf 88' lang='lat' dir='ltr'><strong>modi</strong></span> <span class='ocrx_word' id='word_1_62' title='bbox 957 942 1138 1022; x_wconf 90' lang='lat' dir='ltr'><strong>igitur</strong></span> <span class='ocrx_word' id='word_1_63' title='bbox 1165 942 1344 1004; x_wconf 89' lang='lat' dir='ltr'><strong>credo</strong></span> <span class='ocrx_word' id='word_1_64' title='bbox 1374 960 1472 1004; x_wconf 85' lang='lat' dir='ltr'><strong>res</strong></span> <span class='ocrx_word' id='word_1_65' title='bbox 1501 940 1846 1003; x_wconf 82' lang='lat' dir='ltr'><strong>Panaetium</strong></span> <span class='ocrx_word' id='word_1_66' title='bbox 1876 950 2330 1021; x_wconf 79' lang='lat' dir='ltr'><strong>persecuturum</strong></span> <span class='ocrx_word' id='word_1_67' title='bbox 2357 940 2559 1015; x_wconf 85' lang='lat' dir='ltr'><strong>fuisse,</strong></span> 
     </span>
     <span class='ocr_line' id='line_1_9' title="bbox 304 1025 2558 1107; baseline -0.002 -17"><span class='ocrx_word' id='word_1_68' title='bbox 304 1028 367 1079; x_wconf 76' lang='grc'><strong>83</strong></span> <span class='ocrx_word' id='word_1_69' title='bbox 407 1029 523 1091; x_wconf 89' lang='lat' dir='ltr'><strong>nisi</strong></span> <span class='ocrx_word' id='word_1_70' title='bbox 564 1028 745 1107; x_wconf 86' lang='lat' dir='ltr'><strong>aliqui</strong></span> <span class='ocrx_word' id='word_1_71' title='bbox 785 1047 957 1089; x_wconf 89' lang='lat' dir='ltr'><strong>casus</strong></span> <span class='ocrx_word' id='word_1_72' title='bbox 998 1035 1102 1089; x_wconf 91' lang='lat' dir='ltr'><strong>aut</strong></span> <span class='ocrx_word' id='word_1_73' title='bbox 1144 1027 1457 1107; x_wconf 86' lang='lat' dir='ltr'><strong>occupatio</strong></span> <span class='ocrx_word' id='word_1_74' title='bbox 1501 1027 1630 1089; x_wconf 89' lang='lat' dir='ltr'><strong>eius</strong></span> <span class='ocrx_word' id='word_1_75' title='bbox 1669 1026 1985 1089; x_wconf 91' lang='lat' dir='ltr'><strong>consilium</strong></span> <span class='ocrx_word' id='word_1_76' title='bbox 2026 1026 2393 1107; x_wconf 85' lang='lat' dir='ltr'><strong>peremisset.</strong></span> <span class='ocrx_word' id='word_1_77' title='bbox 2470 1025 2558 1086; x_wconf 81' lang='lat' dir='ltr'><strong>Ad</strong></span> 
     </span>
     <span class='ocr_line' id='line_1_10' title="bbox 409 1112 2559 1193; baseline -0.002 -18"><span class='ocrx_word' id='word_1_78' title='bbox 409 1132 555 1193; x_wconf 89' lang='lat' dir='ltr'><strong>quas</strong></span> <span class='ocrx_word' id='word_1_79' title='bbox 604 1113 763 1193; x_wconf 89' lang='lat' dir='ltr'><strong>ipsas</strong></span> <span class='ocrx_word' id='word_1_80' title='bbox 811 1113 1280 1175; x_wconf 80' lang='lat' dir='ltr'><strong>consultationes</strong></span> <span class='ocrx_word' id='word_1_81' title='bbox 1328 1112 1739 1192; x_wconf 87' lang='lat' dir='ltr'><strong>superioribus</strong></span> <span class='ocrx_word' id='word_1_82' title='bbox 1779 1112 1945 1174; x_wconf 86' lang='lat' dir='ltr'><strong>libris</strong></span> <span class='ocrx_word' id='word_1_83' title='bbox 1983 1112 2125 1174; x_wconf 88' lang='lat' dir='ltr'><strong>satis</strong></span> <span class='ocrx_word' id='word_1_84' title='bbox 2163 1112 2348 1174; x_wconf 88' lang='lat' dir='ltr'><strong>multa</strong></span> <span class='ocrx_word' id='word_1_85' title='bbox 2385 1129 2559 1191; x_wconf 89' lang='lat' dir='ltr'><strong>prae-</strong></span> 
     </span>
     <span class='ocr_line' id='line_1_11' title="bbox 408 1197 2673 1278; baseline -0 -19"><span class='ocrx_word' id='word_1_86' title='bbox 408 1207 580 1278; x_wconf 88' lang='lat' dir='ltr'><strong>cepta</strong></span> <span class='ocrx_word' id='word_1_87' title='bbox 620 1207 780 1272; x_wconf 82' lang='lat' dir='ltr'><strong>sunt,</strong></span> <span class='ocrx_word' id='word_1_88' title='bbox 823 1198 1040 1277; x_wconf 87' lang='lat' dir='ltr'><strong>quibus</strong></span> <span class='ocrx_word' id='word_1_89' title='bbox 1074 1198 1334 1278; x_wconf 81' lang='lat' dir='ltr'><strong>perspici</strong></span> <span class='ocrx_word' id='word_1_90' title='bbox 1361 1198 1551 1278; x_wconf 84' lang='lat' dir='ltr'><strong>possit</strong></span> <span class='ocrx_word' id='word_1_91' title='bbox 1579 1198 1720 1278; x_wconf 89' lang='lat' dir='ltr'><strong>quid</strong></span> <span class='ocrx_word' id='word_1_92' title='bbox 1749 1197 1827 1259; x_wconf 90' lang='lat' dir='ltr'><strong>sit</strong></span> <span class='ocrx_word' id='word_1_93' title='bbox 1853 1206 2101 1277; x_wconf 89' lang='lat' dir='ltr'><strong>propter</strong></span> <span class='ocrx_word' id='word_1_94' title='bbox 2127 1197 2561 1278; x_wconf 88' lang='lat' dir='ltr'><strong>turpitudinem</strong></span> <span class='ocrx_word' id='word_1_95' title='bbox 2606 1205 2673 1259; x_wconf 78' lang='lat'><strong>10</strong></span> 
     </span>
     <span class='ocr_line' id='line_1_12' title="bbox 407 1282 2557 1364; baseline -0.001 -20"><span class='ocrx_word' id='word_1_96' title='bbox 407 1284 774 1364; x_wconf 86' lang='lat' dir='ltr'><strong>fugiendum,</strong></span> <span class='ocrx_word' id='word_1_97' title='bbox 820 1282 960 1362; x_wconf 88' lang='lat' dir='ltr'><strong>quid</strong></span> <span class='ocrx_word' id='word_1_98' title='bbox 1003 1282 1080 1345; x_wconf 91' lang='lat' dir='ltr'><strong>sit</strong></span> <span class='ocrx_word' id='word_1_99' title='bbox 1121 1284 1280 1363; x_wconf 87' lang='lat' dir='ltr'><strong>quod</strong></span> <span class='ocrx_word' id='word_1_100' title='bbox 1310 1283 1532 1345; x_wconf 91' lang='lat' dir='ltr'><strong>idcirco</strong></span> <span class='ocrx_word' id='word_1_101' title='bbox 1561 1283 1910 1364; x_wconf 78' lang='lat' dir='ltr'><strong>fugiendum</strong></span> <span class='ocrx_word' id='word_1_102' title='bbox 1940 1302 2065 1344; x_wconf 88' lang='lat' dir='ltr'><strong>nou</strong></span> <span class='ocrx_word' id='word_1_103' title='bbox 2095 1282 2190 1358; x_wconf 87' lang='lat' dir='ltr'><strong>sit,</strong></span> <span class='ocrx_word' id='word_1_104' title='bbox 2237 1283 2396 1362; x_wconf 85' lang='lat' dir='ltr'><strong>quod</strong></span> <span class='ocrx_word' id='word_1_105' title='bbox 2427 1300 2557 1342; x_wconf 89' lang='lat' dir='ltr'><strong>om-</strong></span> 
     </span>
     <span class='ocr_line' id='line_1_13' title="bbox 408 1367 2561 1448; baseline -0 -19"><span class='ocrx_word' id='word_1_106' title='bbox 408 1368 554 1430; x_wconf 89' lang='lat' dir='ltr'><strong>nino</strong></span> <span class='ocrx_word' id='word_1_107' title='bbox 576 1377 753 1448; x_wconf 89' lang='lat' dir='ltr'><strong>turpe</strong></span> <span class='ocrx_word' id='word_1_108' title='bbox 773 1387 898 1430; x_wconf 89' lang='lat' dir='ltr'><strong>non</strong></span> <span class='ocrx_word' id='word_1_109' title='bbox 920 1368 1015 1429; x_wconf 91' lang='lat' dir='ltr'><strong>sit.</strong></span> <span class='ocrx_word' id='word_1_110' title='bbox 1061 1367 1179 1429; x_wconf 86' lang='lat' dir='ltr'><strong>Sed</strong></span> <span class='ocrx_word' id='word_1_111' title='bbox 1200 1368 1484 1447; x_wconf 86' lang='lat' dir='ltr'><strong>quoniam</strong></span> <span class='ocrx_word' id='word_1_112' title='bbox 1506 1368 1674 1448; x_wconf 93' lang='lat' dir='ltr'><strong>operi</strong></span> <span class='ocrx_word' id='word_1_113' title='bbox 1693 1368 1993 1444; x_wconf 89' lang='lat' dir='ltr'><strong>inchoato,</strong></span> <span class='ocrx_word' id='word_1_114' title='bbox 2020 1386 2213 1448; x_wconf 91' lang='lat' dir='ltr'><strong>prope</strong></span> <span class='ocrx_word' id='word_1_115' title='bbox 2232 1376 2431 1429; x_wconf 90' lang='lat' dir='ltr'><strong>tamen</strong></span> <span class='ocrx_word' id='word_1_116' title='bbox 2454 1367 2561 1428; x_wconf 85' lang='lat' dir='ltr'><strong>ab·</strong></span> 
     </span>
     <span class='ocr_line' id='line_1_14' title="bbox 337 1452 2558 1534; baseline -0 -20"><span class='ocrx_word' id='word_1_117' title='bbox 337 1461 345 1468; x_wconf 82' lang='lat'>&#39;</span> <span class='ocrx_word' id='word_1_118' title='bbox 406 1454 625 1529; x_wconf 86' lang='lat' dir='ltr'><strong>soluto,</strong></span> <span class='ocrx_word' id='word_1_119' title='bbox 664 1462 966 1533; x_wconf 83' lang='lat' dir='ltr'><strong>tamquam</strong></span> <span class='ocrx_word' id='word_1_120' title='bbox 994 1452 1293 1533; x_wconf 77' lang='lat' dir='ltr'><strong>fastigium</strong></span> <span class='ocrx_word' id='word_1_121' title='bbox 1322 1453 1704 1533; x_wconf 85' lang='lat' dir='ltr'><strong>imponimus,</strong></span> <span class='ocrx_word' id='word_1_122' title='bbox 1749 1463 1817 1515; x_wconf 89' lang='lat' dir='ltr'><strong>ut</strong></span> <span class='ocrx_word' id='word_1_123' title='bbox 1843 1462 2181 1534; x_wconf 82' lang='lat' dir='ltr'><strong>geometrae</strong></span> <span class='ocrx_word' id='word_1_124' title='bbox 2209 1454 2406 1516; x_wconf 89' lang='lat' dir='ltr'><strong>solent</strong></span> <span class='ocrx_word' id='word_1_125' title='bbox 2432 1471 2558 1513; x_wconf 90' lang='lat' dir='ltr'><strong>non</strong></span> 
     </span>
    </p>
   </div>
   <div class='ocr_carea' id='block_1_3' title="bbox 400 1618 1434 3389">
    <p class='ocr_par' dir='ltr' id='par_1_3' title="bbox 406 1618 1432 1889">
     <span class='ocr_line' id='line_1_15' title="bbox 477 1618 1432 1686; baseline 0.001 -13"><span class='ocrx_word' id='word_1_126' title='bbox 477 1622 525 1673; x_wconf 87' lang='lat'><strong>2.</strong></span> <span class='ocrx_word' id='word_1_127' title='bbox 576 1622 792 1686; x_wconf 73' lang='lat' dir='ltr'><strong>spiritu,</strong></span> <span class='ocrx_word' id='word_1_128' title='bbox 843 1618 934 1672; x_wconf 87' lang='lat' dir='ltr'><strong>der</strong></span> <span class='ocrx_word' id='word_1_129' title='bbox 966 1618 1318 1673; x_wconf 81' lang='lat' dir='ltr'><strong>Lebenskraft.</strong></span> <span class='ocrx_word' id='word_1_130' title='bbox 1375 1620 1432 1674; x_wconf 88' lang='lat' dir='ltr'><strong>ln</strong></span> 
     </span>
     <span class='ocr_line' id='line_1_16' title="bbox 406 1686 1432 1754; baseline 0.001 -15"><span class='ocrx_word' id='word_1_131' title='bbox 406 1686 583 1754; x_wconf 83' lang='lat' dir='ltr'><strong>Bezug</strong></span> <span class='ocrx_word' id='word_1_132' title='bbox 617 1686 709 1740; x_wconf 80' lang='lat' dir='ltr'><strong>auf</strong></span> <span class='ocrx_word' id='word_1_133' title='bbox 744 1687 827 1740; x_wconf 87' lang='lat' dir='ltr'><strong>ein</strong></span> <span class='ocrx_word' id='word_1_134' title='bbox 862 1687 1122 1740; x_wconf 88' lang='lat' dir='ltr'><strong>einzelnes</strong></span> <span class='ocrx_word' id='word_1_135' title='bbox 1157 1686 1305 1740; x_wconf 88' lang='lat' dir='ltr'><strong>Glied</strong></span> <span class='ocrx_word' id='word_1_136' title='bbox 1340 1687 1432 1741; x_wconf 87' lang='lat' dir='ltr'><strong>des</strong></span> 
     </span>
     <span class='ocr_line' id='line_1_17' title="bbox 406 1754 1432 1823; baseline 0 -15"><span class='ocrx_word' id='word_1_137' title='bbox 406 1755 628 1823; x_wconf 72' lang='lat' dir='ltr'><strong>Korpers</strong></span> <span class='ocrx_word' id='word_1_138' title='bbox 651 1754 846 1807; x_wconf 86' lang='lat' dir='ltr'><strong>konnte</strong></span> <span class='ocrx_word' id='word_1_139' title='bbox 869 1754 972 1809; x_wconf 88' lang='lat' dir='ltr'><strong>Cic.</strong></span> <span class='ocrx_word' id='word_1_140' title='bbox 998 1755 1088 1808; x_wconf 83' lang='lat' dir='ltr'><strong>das</strong></span> <span class='ocrx_word' id='word_1_141' title='bbox 1107 1754 1257 1808; x_wconf 85' lang='lat' dir='ltr'><strong>Wort</strong></span> <span class='ocrx_word' id='word_1_142' title='bbox 1288 1755 1432 1808; x_wconf 88' lang='lat' dir='ltr'><strong>nicht</strong></span> 
     </span>
     <span class='ocr_line' id='line_1_18' title="bbox 407 1824 1160 1889; baseline 0 -13"><span class='ocrx_word' id='word_1_143' title='bbox 407 1825 542 1876; x_wconf 81' lang='lat' dir='ltr'><strong>ohne</strong></span> <span class='ocrx_word' id='word_1_144' title='bbox 577 1828 853 1889; x_wconf 76' lang='lat' dir='ltr'><strong>tamquam</strong></span> <span class='ocrx_word' id='word_1_145' title='bbox 885 1824 1160 1877; x_wconf 86' lang='lat' dir='ltr'><strong>brauchen.</strong></span> 
     </span>
    </p>

    <p class='ocr_par' dir='ltr' id='par_1_4' title="bbox 403 1890 1434 2094">
     <span class='ocr_line' id='line_1_19' title="bbox 475 1890 1434 1959; baseline 0 -15"><span class='ocrx_word' id='word_1_146' title='bbox 475 1894 523 1945; x_wconf 86' lang='grc'><strong>3.</strong></span> <span class='ocrx_word' id='word_1_147' title='bbox 575 1895 873 1943; x_wconf 74' lang='lat' dir='ltr'><strong>inmanitas</strong></span> <span class='ocrx_word' id='word_1_148' title='bbox 904 1890 1066 1944; x_wconf 86' lang='lat' dir='ltr'><strong>bildet</strong></span> <span class='ocrx_word' id='word_1_149' title='bbox 1092 1891 1190 1944; x_wconf 86' lang='lat' dir='ltr'><strong>den</strong></span> <span class='ocrx_word' id='word_1_150' title='bbox 1231 1890 1434 1959; x_wconf 82' lang='lat' dir='ltr'><strong>Gegen·</strong></span> 
     </span>
     <span class='ocr_line' id='line_1_20' title="bbox 407 1959 1431 2026; baseline 0 -14"><span class='ocrx_word' id='word_1_151' title='bbox 407 1965 517 2012; x_wconf 85' lang='lat' dir='ltr'><strong>satz</strong></span> <span class='ocrx_word' id='word_1_152' title='bbox 553 1975 619 2012; x_wconf 86' lang='lat' dir='ltr'><strong>zu</strong></span> <span class='ocrx_word' id='word_1_153' title='bbox 653 1962 976 2012; x_wconf 61' lang='lat' dir='ltr'><strong>humanitas.</strong></span> <span class='ocrx_word' id='word_1_154' title='bbox 1024 1959 1058 2026; x_wconf 83' lang='lat'><strong>5</strong></span> <span class='ocrx_word' id='word_1_155' title='bbox 1095 1962 1160 2014; x_wconf 88' lang='grc'><strong>82</strong></span> <span class='ocrx_word' id='word_1_156' title='bbox 1197 1961 1431 2012; x_wconf 75' lang='lat' dir='ltr'><strong>hominis</strong></span> 
     </span>
     <span class='ocr_line' id='line_1_21' title="bbox 403 2028 1430 2094; baseline 0.001 -15"><span class='ocrx_word' id='word_1_157' title='bbox 403 2029 589 2094; x_wconf 75' lang='lat' dir='ltr'><strong>figura</strong></span> <span class='ocrx_word' id='word_1_158' title='bbox 621 2030 996 2079; x_wconf 81' lang='lat' dir='ltr'><strong>inmanitatem</strong></span> <span class='ocrx_word' id='word_1_159' title='bbox 1029 2032 1196 2093; x_wconf 78' lang='lat' dir='ltr'><strong>gerat</strong></span> <span class='ocrx_word' id='word_1_160' title='bbox 1228 2028 1430 2080; x_wconf 82' lang='lat' dir='ltr'><strong>beluae.</strong></span> 
     </span>
    </p>

    <p class='ocr_par' dir='ltr' id='par_1_5' title="bbox 400 2096 1430 3389">
     <span class='ocr_line' id='line_1_22' title="bbox 475 2096 1429 2148; baseline -0.002 0"><span class='ocrx_word' id='word_1_161' title='bbox 475 2113 509 2148; x_wconf 86' lang='lat' dir='ltr'><em>a</em></span> <span class='ocrx_word' id='word_1_162' title='bbox 554 2098 825 2147; x_wconf 81' lang='lat' dir='ltr'><strong>communi</strong></span> <span class='ocrx_word' id='word_1_163' title='bbox 867 2101 974 2146; x_wconf 83' lang='lat' dir='ltr'><strong>tam</strong></span> <span class='ocrx_word' id='word_1_164' title='bbox 1009 2111 1137 2146; x_wconf 81' lang='lat' dir='ltr'><strong>uam</strong></span> <span class='ocrx_word' id='word_1_165' title='bbox 1181 2096 1429 2147; x_wconf 77' lang='lat' dir='ltr'><strong>humani-</strong></span> 
     </span>
     <span class='ocr_line' id='line_1_23' title="bbox 406 2161 1429 2243; baseline 0.001 -28"><span class='ocrx_word' id='word_1_166' title='bbox 406 2167 533 2215; x_wconf 72' lang='lat' dir='ltr'><strong>tatis</strong></span> <span class='ocrx_word' id='word_1_167' title='bbox 558 2179 813 2242; x_wconf 62' lang='lat' dir='ltr'><strong>corpore.-</strong></span> <span class='ocrx_word' id='word_1_168' title='bbox 848 2161 970 2242; x_wconf 70' lang='lat' dir='ltr'><strong>dem</strong></span> <span class='ocrx_word' id='word_1_169' title='bbox 1037 2162 1292 2230; x_wconf 87' lang='lat' dir='ltr'><strong>ergleiche</strong></span> <span class='ocrx_word' id='word_1_170' title='bbox 1316 2170 1429 2243; x_wconf 72' lang='lat' dir='ltr'><strong>ent-</strong></span> 
     </span>
     <span class='ocr_line' id='line_1_24' title="bbox 404 2230 1430 2354; baseline 0 -2"><span class='ocrx_word' id='word_1_171' title='bbox 404 2230 1430 2354; x_wconf 50' lang='lat' dir='ltr'><strong>{isseffiss‘ssfflssiefflssnssffiffi‘ffiss</strong></span> 
     </span>
     <span class='ocr_line' id='line_1_25' title="bbox 406 2367 1430 2435; baseline 0 -15"><span class='ocrx_word' id='word_1_172' title='bbox 406 2368 655 2435; x_wconf 81' lang='lat' dir='ltr'><strong>geschen,</strong></span> <span class='ocrx_word' id='word_1_173' title='bbox 691 2367 845 2420; x_wconf 87' lang='lat' dir='ltr'><strong>deren</strong></span> <span class='ocrx_word' id='word_1_174' title='bbox 880 2367 1029 2421; x_wconf 86' lang='lat' dir='ltr'><strong>Seele</strong></span> <span class='ocrx_word' id='word_1_175' title='bbox 1064 2368 1148 2421; x_wconf 87' lang='lat' dir='ltr'><strong>die</strong></span> <span class='ocrx_word' id='word_1_176' title='bbox 1182 2370 1430 2420; x_wconf 74' lang='lat' dir='ltr'><strong>humani-</strong></span> 
     </span>
     <span class='ocr_line' id='line_1_26' title="bbox 405 2435 1427 2502; baseline 0.003 -16"><span class='ocrx_word' id='word_1_177' title='bbox 405 2442 504 2502; x_wconf 74' lang='lat' dir='ltr'><strong>tas,</strong></span> <span class='ocrx_word' id='word_1_178' title='bbox 538 2436 626 2488; x_wconf 85' lang='lat' dir='ltr'><strong>der</strong></span> <span class='ocrx_word' id='word_1_179' title='bbox 648 2435 896 2502; x_wconf 85' lang='lat' dir='ltr'><strong>lnbegriff</strong></span> <span class='ocrx_word' id='word_1_180' title='bbox 923 2436 1012 2488; x_wconf 86' lang='lat' dir='ltr'><strong>der</strong></span> <span class='ocrx_word' id='word_1_181' title='bbox 1044 2437 1427 2490; x_wconf 86' lang='lat' dir='ltr'><strong>menschlichen</strong></span> 
     </span>
     <span class='ocr_line' id='line_1_27' title="bbox 404 2503 1429 2572; baseline 0.003 -17"><span class='ocrx_word' id='word_1_182' title='bbox 404 2503 710 2571; x_wconf 84' lang='lat' dir='ltr'><strong>Tugenden,</strong></span> <span class='ocrx_word' id='word_1_183' title='bbox 759 2504 913 2556; x_wconf 87' lang='lat' dir='ltr'><strong>deren</strong></span> <span class='ocrx_word' id='word_1_184' title='bbox 947 2504 1146 2572; x_wconf 69' lang='lat' dir='ltr'><strong>Korper</strong></span> <span class='ocrx_word' id='word_1_185' title='bbox 1190 2505 1274 2558; x_wconf 87' lang='lat' dir='ltr'><strong>die</strong></span> <span class='ocrx_word' id='word_1_186' title='bbox 1320 2506 1429 2558; x_wconf 88' lang='lat' dir='ltr'><strong>ein-</strong></span> 
     </span>
     <span class='ocr_line' id='line_1_28' title="bbox 404 2571 1425 2642; baseline 0.003 -18"><span class='ocrx_word' id='word_1_187' title='bbox 404 2572 587 2625; x_wconf 88' lang='lat' dir='ltr'><strong>zelnen</strong></span> <span class='ocrx_word' id='word_1_188' title='bbox 620 2571 898 2625; x_wconf 86' lang='lat' dir='ltr'><strong>Menschen</strong></span> <span class='ocrx_word' id='word_1_189' title='bbox 933 2572 1122 2626; x_wconf 87' lang='lat' dir='ltr'><strong>bilden.</strong></span> <span class='ocrx_word' id='word_1_190' title='bbox 1187 2572 1306 2626; x_wconf 91' lang='lat' dir='ltr'><strong>Sen.</strong></span> <span class='ocrx_word' id='word_1_191' title='bbox 1343 2589 1425 2642; x_wconf 90' lang='lat' dir='ltr'><strong>ep.</strong></span> 
     </span>
     <span class='ocr_line' id='line_1_29' title="bbox 402 2642 1426 2709; baseline -0.001 -15"><span class='ocrx_word' id='word_1_192' title='bbox 402 2644 487 2705; x_wconf 86' lang='grc'><strong>95,</strong></span> <span class='ocrx_word' id='word_1_193' title='bbox 515 2643 581 2692; x_wconf 85' lang='grc'><strong>52</strong></span> <span class='ocrx_word' id='word_1_194' title='bbox 618 2656 771 2693; x_wconf 84' lang='lat' dir='ltr'><strong>omne</strong></span> <span class='ocrx_word' id='word_1_195' title='bbox 808 2643 909 2693; x_wconf 79' lang='lat' dir='ltr'><strong>hoc</strong></span> <span class='ocrx_word' id='word_1_196' title='bbox 943 2642 1089 2708; x_wconf 77' lang='lat' dir='ltr'><strong>quod</strong></span> <span class='ocrx_word' id='word_1_197' title='bbox 1120 2642 1284 2709; x_wconf 68' lang='lat' dir='ltr'><strong>videt,</strong></span> <span class='ocrx_word' id='word_1_198' title='bbox 1320 2659 1426 2708; x_wconf 80' lang='lat' dir='ltr'><strong>quo</strong></span> 
     </span>
     <span class='ocr_line' id='line_1_30' title="bbox 404 2709 1428 2775; baseline 0.002 -15"><span class='ocrx_word' id='word_1_199' title='bbox 404 2709 593 2760; x_wconf 82' lang='lat' dir='ltr'><strong>divina</strong></span> <span class='ocrx_word' id='word_1_200' title='bbox 627 2714 680 2761; x_wconf 83' lang='lat' dir='ltr'><strong>et</strong></span> <span class='ocrx_word' id='word_1_201' title='bbox 711 2710 950 2760; x_wconf 75' lang='lat' dir='ltr'><strong>humana</strong></span> <span class='ocrx_word' id='word_1_202' title='bbox 992 2710 1240 2762; x_wconf 69' lang='lat' dir='ltr'><strong>conclusa</strong></span> <span class='ocrx_word' id='word_1_203' title='bbox 1283 2716 1428 2775; x_wconf 73' lang='lat' dir='ltr'><strong>sunt,</strong></span> 
     </span>
     <span class='ocr_line' id='line_1_31' title="bbox 401 2779 1427 2845; baseline 0.002 -17"><span class='ocrx_word' id='word_1_204' title='bbox 401 2793 571 2828; x_wconf 82' lang='lat' dir='ltr'><strong>unum</strong></span> <span class='ocrx_word' id='word_1_205' title='bbox 606 2781 713 2827; x_wconf 64' lang='lat' dir='ltr'><strong>ert:</strong></span> <span class='ocrx_word' id='word_1_206' title='bbox 751 2779 989 2829; x_wconf 82' lang='lat' dir='ltr'><strong>membra</strong></span> <span class='ocrx_word' id='word_1_207' title='bbox 1021 2794 1206 2829; x_wconf 71' lang='lat' dir='ltr'><strong>summ</strong></span> <span class='ocrx_word' id='word_1_208' title='bbox 1239 2794 1427 2845; x_wconf 79' lang='lat' dir='ltr'><strong>corpo-</strong></span> 
     </span>
     <span class='ocr_line' id='line_1_32' title="bbox 400 2845 1425 2911; baseline 0.002 -16"><span class='ocrx_word' id='word_1_209' title='bbox 400 2848 481 2895; x_wconf 74' lang='lat' dir='ltr'><strong>ris</strong></span> <span class='ocrx_word' id='word_1_210' title='bbox 521 2848 725 2910; x_wconf 77' lang='lat' dir='ltr'><strong>magni.</strong></span> <span class='ocrx_word' id='word_1_211' title='bbox 793 2845 893 2898; x_wconf 80' lang='lat' dir='ltr'><strong>Fiir</strong></span> <span class='ocrx_word' id='word_1_212' title='bbox 919 2861 1096 2911; x_wconf 74' lang='lat' dir='ltr'><strong>genus</strong></span> <span class='ocrx_word' id='word_1_213' title='bbox 1131 2846 1425 2898; x_wconf 75' lang='lat' dir='ltr'><strong>humanum</strong></span> 
     </span>
     <span class='ocr_line' id='line_1_33' title="bbox 403 2911 1425 2966; baseline 0.002 -2"><span class='ocrx_word' id='word_1_214' title='bbox 403 2912 544 2965; x_wconf 85' lang='lat' dir='ltr'><strong>steht</strong></span> <span class='ocrx_word' id='word_1_215' title='bbox 596 2911 707 2964; x_wconf 85' lang='lat' dir='ltr'><strong>also</strong></span> <span class='ocrx_word' id='word_1_216' title='bbox 759 2914 1065 2965; x_wconf 74' lang='lat' dir='ltr'><strong>humanitas</strong></span> <span class='ocrx_word' id='word_1_217' title='bbox 1119 2914 1232 2966; x_wconf 86' lang='lat' dir='ltr'><strong>hier</strong></span> <span class='ocrx_word' id='word_1_218' title='bbox 1281 2914 1425 2966; x_wconf 88' lang='lat' dir='ltr'><strong>nicht</strong></span> 
     </span>
     <span class='ocr_line' id='line_1_34' title="bbox 400 2978 1426 3048; baseline 0.004 -17"><span class='ocrx_word' id='word_1_219' title='bbox 400 2978 507 3032; x_wconf 90' lang='lat' dir='ltr'><strong>und</strong></span> <span class='ocrx_word' id='word_1_220' title='bbox 528 2979 658 3032; x_wconf 84' lang='lat' dir='ltr'><strong>wird</strong></span> <span class='ocrx_word' id='word_1_221' title='bbox 685 2995 743 3032; x_wconf 87' lang='lat' dir='ltr'><strong>so</strong></span> <span class='ocrx_word' id='word_1_222' title='bbox 766 2985 871 3033; x_wconf 87' lang='lat' dir='ltr'><strong>erst</strong></span> <span class='ocrx_word' id='word_1_223' title='bbox 885 2996 990 3033; x_wconf 82' lang='lat' dir='ltr'><strong>von</strong></span> <span class='ocrx_word' id='word_1_224' title='bbox 1008 2983 1190 3048; x_wconf 65' lang='lat' dir='ltr'><strong>spaten</strong></span> <span class='ocrx_word' id='word_1_225' title='bbox 1210 2980 1426 3035; x_wconf 75' lang='lat' dir='ltr'><strong>Schrift-</strong></span> 
     </span>
     <span class='ocr_line' id='line_1_35' title="bbox 401 3047 1426 3114; baseline 0.002 -14"><span class='ocrx_word' id='word_1_226' title='bbox 401 3047 612 3100; x_wconf 85' lang='lat' dir='ltr'><strong>stellern</strong></span> <span class='ocrx_word' id='word_1_227' title='bbox 647 3048 953 3114; x_wconf 83' lang='lat' dir='ltr'><strong>gebraucht‚</strong></span> <span class='ocrx_word' id='word_1_228' title='bbox 992 3049 1093 3102; x_wconf 82' lang='lat' dir='ltr'><strong>wie</strong></span> <span class='ocrx_word' id='word_1_229' title='bbox 1128 3048 1303 3111; x_wconf 82' lang='lat' dir='ltr'><strong>Quint.</strong></span> <span class='ocrx_word' id='word_1_230' title='bbox 1337 3049 1426 3102; x_wconf 91' lang='lat' dir='ltr'><strong>de-</strong></span> 
     </span>
     <span class='ocr_line' id='line_1_36' title="bbox 403 3116 1426 3180; baseline 0.001 -12"><span class='ocrx_word' id='word_1_231' title='bbox 403 3116 549 3170; x_wconf 82' lang='lat' dir='ltr'><strong>clam.</strong></span> <span class='ocrx_word' id='word_1_232' title='bbox 570 3118 619 3180; x_wconf 87' lang='lat'><strong>8,</strong></span> <span class='ocrx_word' id='word_1_233' title='bbox 639 3118 670 3170; x_wconf 86' lang='lat'><strong>3</strong></span> <span class='ocrx_word' id='word_1_234' title='bbox 704 3120 936 3168; x_wconf 75' lang='lat' dir='ltr'><strong>maximi</strong></span> <span class='ocrx_word' id='word_1_235' title='bbox 968 3122 1148 3169; x_wconf 82' lang='lat' dir='ltr'><strong>tamen</strong></span> <span class='ocrx_word' id='word_1_236' title='bbox 1179 3120 1426 3170; x_wconf 79' lang='lat' dir='ltr'><strong>virorum</strong></span> 
     </span>
     <span class='ocr_line' id='line_1_37' title="bbox 401 3186 1424 3251; baseline 0.003 -16"><span class='ocrx_word' id='word_1_237' title='bbox 401 3189 454 3236; x_wconf 83' lang='lat' dir='ltr'><strong>et</strong></span> <span class='ocrx_word' id='word_1_238' title='bbox 489 3186 681 3251; x_wconf 76' lang='lat' dir='ltr'><strong>quibus</strong></span> <span class='ocrx_word' id='word_1_239' title='bbox 726 3189 862 3238; x_wconf 75' lang='lat' dir='ltr'><strong>artis</strong></span> <span class='ocrx_word' id='word_1_240' title='bbox 901 3201 1034 3238; x_wconf 71' lang='lat' dir='ltr'><strong>suae</strong></span> <span class='ocrx_word' id='word_1_241' title='bbox 1074 3203 1184 3239; x_wconf 82' lang='lat' dir='ltr'><strong>non</strong></span> <span class='ocrx_word' id='word_1_242' title='bbox 1217 3189 1292 3238; x_wconf 71' lang='lat' dir='ltr'><strong>&#39;sit</strong></span> <span class='ocrx_word' id='word_1_243' title='bbox 1320 3188 1424 3238; x_wconf 73' lang='lat' dir='ltr'><strong>sob-</strong></span> 
     </span>
     <span class='ocr_line' id='line_1_38' title="bbox 400 3253 1421 3308; baseline 0.005 -5"><span class='ocrx_word' id='word_1_244' title='bbox 400 3253 569 3304; x_wconf 83' lang='lat' dir='ltr'><strong>vendo</strong></span> <span class='ocrx_word' id='word_1_245' title='bbox 624 3254 946 3306; x_wconf 74' lang='lat' dir='ltr'><strong>humanitas.</strong></span> <span class='ocrx_word' id='word_1_246' title='bbox 1013 3253 1070 3308; x_wconf 85' lang='lat' dir='ltr'><strong>ln</strong></span> <span class='ocrx_word' id='word_1_247' title='bbox 1121 3253 1221 3307; x_wconf 87' lang='lat' dir='ltr'><strong>den</strong></span> <span class='ocrx_word' id='word_1_248' title='bbox 1272 3253 1421 3308; x_wconf 84' lang='lat' dir='ltr'><strong>Hdss.</strong></span> 
     </span>
     <span class='ocr_line' id='line_1_39' title="bbox 400 3321 1423 3389; baseline 0.003 -16"><span class='ocrx_word' id='word_1_249' title='bbox 400 3321 540 3373; x_wconf 83' lang='lat' dir='ltr'><strong>steht</strong></span> <span class='ocrx_word' id='word_1_250' title='bbox 575 3323 909 3375; x_wconf 74' lang='lat' dir='ltr'><strong>humanitate</strong></span> <span class='ocrx_word' id='word_1_251' title='bbox 943 3326 1212 3389; x_wconf 66' lang='lat' dir='ltr'><strong>eorporis,</strong></span> <span class='ocrx_word' id='word_1_252' title='bbox 1249 3321 1423 3376; x_wconf 86' lang='lat' dir='ltr'><strong>indem</strong></span> 
     </span>
    </p>
   </div>
   <div class='ocr_carea' id='block_1_4' title="bbox 1521 1619 2557 3391">
    <p class='ocr_par' dir='ltr' id='par_1_6' title="bbox 1526 1619 2557 2982">
     <span class='ocr_line' id='line_1_40' title="bbox 1533 1619 2557 1686; baseline 0 -15"><span class='ocrx_word' id='word_1_253' title='bbox 1533 1620 1602 1673; x_wconf 83' lang='lat' dir='ltr'><strong>ist</strong></span> <span class='ocrx_word' id='word_1_254' title='bbox 1636 1620 1729 1673; x_wconf 90' lang='lat' dir='ltr'><strong>das</strong></span> <span class='ocrx_word' id='word_1_255' title='bbox 1764 1619 2131 1686; x_wconf 84' lang='lat' dir='ltr'><strong>Wesentliche,</strong></span> <span class='ocrx_word' id='word_1_256' title='bbox 2165 1619 2436 1672; x_wconf 80' lang='lat' dir='ltr'><strong>inwiel’ern</strong></span> <span class='ocrx_word' id='word_1_257' title='bbox 2472 1620 2557 1672; x_wconf 90' lang='lat' dir='ltr'><strong>ein</strong></span> 
     </span>
     <span class='ocr_line' id='line_1_41' title="bbox 1534 1686 2555 1755; baseline 0 -16"><span class='ocrx_word' id='word_1_258' title='bbox 1534 1688 1753 1741; x_wconf 86' lang='lat' dir='ltr'><strong>Conssict</strong></span> <span class='ocrx_word' id='word_1_259' title='bbox 1826 1688 2087 1741; x_wconf 80' lang='lat' dir='ltr'><strong>zwischen</strong></span> <span class='ocrx_word' id='word_1_260' title='bbox 2156 1688 2372 1755; x_wconf 84' lang='lat' dir='ltr'><strong>Tugend</strong></span> <span class='ocrx_word' id='word_1_261' title='bbox 2449 1686 2555 1740; x_wconf 90' lang='lat' dir='ltr'><strong>und</strong></span> 
     </span>
     <span class='ocr_line' id='line_1_42' title="bbox 1532 1754 2556 1823; baseline 0.001 -16"><span class='ocrx_word' id='word_1_262' title='bbox 1532 1754 1735 1809; x_wconf 86' lang='lat' dir='ltr'><strong>Nutzen</strong></span> <span class='ocrx_word' id='word_1_263' title='bbox 1786 1756 2012 1823; x_wconf 73' lang='lat' dir='ltr'><strong>moglich</strong></span> <span class='ocrx_word' id='word_1_264' title='bbox 2070 1755 2177 1809; x_wconf 89' lang='lat' dir='ltr'><strong>und</strong></span> <span class='ocrx_word' id='word_1_265' title='bbox 2230 1756 2332 1808; x_wconf 79' lang='lat' dir='ltr'><strong>wie</strong></span> <span class='ocrx_word' id='word_1_266' title='bbox 2384 1771 2440 1808; x_wconf 87' lang='lat' dir='ltr'><strong>er</strong></span> <span class='ocrx_word' id='word_1_267' title='bbox 2489 1771 2556 1808; x_wconf 90' lang='lat' dir='ltr'><strong>zu</strong></span> 
     </span>
     <span class='ocr_line' id='line_1_43' title="bbox 1532 1822 2555 1891; baseline 0 -15"><span class='ocrx_word' id='word_1_268' title='bbox 1532 1824 1866 1877; x_wconf 83' lang='lat' dir='ltr'><strong>entscheiden</strong></span> <span class='ocrx_word' id='word_1_269' title='bbox 1896 1824 1989 1889; x_wconf 88' lang='lat' dir='ltr'><strong>sei,</strong></span> <span class='ocrx_word' id='word_1_270' title='bbox 2026 1825 2187 1878; x_wconf 81' lang='lat' dir='ltr'><strong>sehon</strong></span> <span class='ocrx_word' id='word_1_271' title='bbox 2220 1828 2417 1891; x_wconf 85' lang='lat' dir='ltr'><strong>gesagt.</strong></span> <span class='ocrx_word' id='word_1_272' title='bbox 2452 1822 2555 1876; x_wconf 84' lang='lat' dir='ltr'><strong>Das</strong></span> 
     </span>
     <span class='ocr_line' id='line_1_44' title="bbox 1530 1891 2552 1960; baseline 0.001 -16"><span class='ocrx_word' id='word_1_273' title='bbox 1530 1892 1792 1960; x_wconf 85' lang='lat' dir='ltr'><strong>Folgende</strong></span> <span class='ocrx_word' id='word_1_274' title='bbox 1862 1892 2060 1945; x_wconf 66' lang='lat' dir='ltr'><strong>emhilt</strong></span> <span class='ocrx_word' id='word_1_275' title='bbox 2127 1909 2223 1945; x_wconf 90' lang='lat' dir='ltr'><strong>nur</strong></span> <span class='ocrx_word' id='word_1_276' title='bbox 2278 1891 2552 1960; x_wconf 85' lang='lat' dir='ltr'><strong>Beispiele.</strong></span> 
     </span>
     <span class='ocr_line' id='line_1_45' title="bbox 1532 1959 2555 2027; baseline 0 -15"><span class='ocrx_word' id='word_1_277' title='bbox 1532 1959 1705 2014; x_wconf 88' lang='lat' dir='ltr'><strong>Schon</strong></span> <span class='ocrx_word' id='word_1_278' title='bbox 1762 1959 1796 2026; x_wconf 84' lang='lat'><strong>5</strong></span> <span class='ocrx_word' id='word_1_279' title='bbox 1849 1962 1914 2013; x_wconf 89' lang='grc'><strong>20</strong></span> <span class='ocrx_word' id='word_1_280' title='bbox 1971 1961 2042 2013; x_wconf 90' lang='lat' dir='ltr'><strong>ist</strong></span> <span class='ocrx_word' id='word_1_281' title='bbox 2099 1960 2184 2014; x_wconf 89' lang='lat' dir='ltr'><strong>die</strong></span> <span class='ocrx_word' id='word_1_282' title='bbox 2250 1959 2555 2027; x_wconf 80' lang='lat' dir='ltr'><strong>allgemeine</strong></span> 
     </span>
     <span class='ocr_line' id='line_1_46' title="bbox 1530 2027 2553 2111; baseline -0.002 -31"><span class='ocrx_word' id='word_1_283' title='bbox 1530 2027 1688 2081; x_wconf 88' lang='lat' dir='ltr'><strong>Norm</strong></span> <span class='ocrx_word' id='word_1_284' title='bbox 1713 2028 1804 2111; x_wconf 74' lang='lat' dir='ltr'><strong>der</strong></span> <span class='ocrx_word' id='word_1_285' title='bbox 1825 2028 2210 2096; x_wconf 87' lang='lat' dir='ltr'><strong>Entscheidung</strong></span> <span class='ocrx_word' id='word_1_286' title='bbox 2238 2027 2553 2096; x_wconf 76' lang='lat' dir='ltr'><strong>ausgesteut,</strong></span> 
     </span>
     <span class='ocr_line' id='line_1_47' title="bbox 1529 2096 2555 2232; baseline 0.002 -18"><span class='ocrx_word' id='word_1_287' title='bbox 1529 2097 2395 2232; x_wconf 50' lang='lat' dir='ltr'><strong>fflfflnssffiffiu‘iss‘adffl</strong></span> <span class='ocrx_word' id='word_1_288' title='bbox 2408 2096 2555 2230; x_wconf 52' lang='lat'><strong>53²2}</strong></span> 
     </span>
     <span class='ocr_line' id='line_1_48' title="bbox 1527 2232 2552 2299; baseline 0.001 -14"><span class='ocrx_word' id='word_1_289' title='bbox 1527 2248 1639 2285; x_wconf 80' lang='lat' dir='ltr'><strong>non</strong></span> <span class='ocrx_word' id='word_1_290' title='bbox 1685 2235 1988 2299; x_wconf 77' lang='lat' dir='ltr'><strong>honestum,</strong></span> <span class='ocrx_word' id='word_1_291' title='bbox 2034 2232 2165 2288; x_wconf 88' lang='lat' dir='ltr'><strong>und·</strong></span> <span class='ocrx_word' id='word_1_292' title='bbox 2188 2249 2232 2288; x_wconf 89' lang='lat' dir='ltr'><strong>c.</strong></span> <span class='ocrx_word' id='word_1_293' title='bbox 2270 2236 2300 2287; x_wconf 84' lang='lat'>5</span> <span class='ocrx_word' id='word_1_294' title='bbox 2350 2234 2420 2287; x_wconf 91' lang='lat' dir='ltr'><strong>ist</strong></span> <span class='ocrx_word' id='word_1_295' title='bbox 2461 2232 2552 2286; x_wconf 87' lang='lat' dir='ltr'><strong>der</strong></span> 
     </span>
     <span class='ocr_line' id='line_1_49' title="bbox 1530 2300 2550 2362; baseline 0 -8"><span class='ocrx_word' id='word_1_296' title='bbox 1530 2300 1653 2354; x_wconf 88' lang='lat' dir='ltr'><strong>Satz</strong></span> <span class='ocrx_word' id='word_1_297' title='bbox 1710 2302 1999 2362; x_wconf 72' lang='lat' dir='ltr'><strong>bewiesem</strong></span> <span class='ocrx_word' id='word_1_298' title='bbox 2069 2302 2174 2355; x_wconf 87' lang='lat' dir='ltr'><strong>und</strong></span> <span class='ocrx_word' id='word_1_299' title='bbox 2230 2303 2362 2357; x_wconf 86' lang='lat' dir='ltr'><strong>doch</strong></span> <span class='ocrx_word' id='word_1_300' title='bbox 2419 2301 2550 2354; x_wconf 79' lang='lat' dir='ltr'><strong>wird</strong></span> 
     </span>
     <span class='ocr_line' id='line_1_50' title="bbox 1528 2368 2549 2438; baseline 0.001 -17"><span class='ocrx_word' id='word_1_301' title='bbox 1528 2368 1730 2423; x_wconf 79' lang='lat' dir='ltr'><strong>Marcus</strong></span> <span class='ocrx_word' id='word_1_302' title='bbox 1763 2370 1875 2422; x_wconf 86' lang='lat' dir='ltr'><strong>hier</strong></span> <span class='ocrx_word' id='word_1_303' title='bbox 1909 2370 2159 2438; x_wconf 87' lang='lat' dir='ltr'><strong>gebeten‚</strong></span> <span class='ocrx_word' id='word_1_304' title='bbox 2194 2370 2314 2424; x_wconf 89' lang='lat' dir='ltr'><strong>dass</strong></span> <span class='ocrx_word' id='word_1_305' title='bbox 2350 2386 2405 2423; x_wconf 88' lang='lat' dir='ltr'><strong>er</strong></span> <span class='ocrx_word' id='word_1_306' title='bbox 2438 2374 2549 2422; x_wconf 85' lang='lat' dir='ltr'><strong>ent-</strong></span> 
     </span>
     <span class='ocr_line' id='line_1_51' title="bbox 1531 2437 2552 2491; baseline 0.002 -2"><span class='ocrx_word' id='word_1_307' title='bbox 1531 2438 1704 2491; x_wconf 85' lang='lat' dir='ltr'><strong>weder</strong></span> <span class='ocrx_word' id='word_1_308' title='bbox 1748 2438 1847 2490; x_wconf 90' lang='lat' dir='ltr'><strong>den</strong></span> <span class='ocrx_word' id='word_1_309' title='bbox 1880 2438 2167 2491; x_wconf 85' lang='lat' dir='ltr'><strong>Grundsatz</strong></span> <span class='ocrx_word' id='word_1_310' title='bbox 2212 2439 2301 2491; x_wconf 89' lang='lat' dir='ltr'><strong>der</strong></span> <span class='ocrx_word' id='word_1_311' title='bbox 2344 2437 2552 2491; x_wconf 87' lang='lat' dir='ltr'><strong>Stoiker</strong></span> 
     </span>
     <span class='ocr_line' id='line_1_52' title="bbox 1528 2505 2548 2575; baseline 0 -17"><span class='ocrx_word' id='word_1_312' title='bbox 1528 2505 1653 2559; x_wconf 88' lang='lat' dir='ltr'><strong>oder</strong></span> <span class='ocrx_word' id='word_1_313' title='bbox 1697 2505 1796 2558; x_wconf 89' lang='lat' dir='ltr'><strong>den</strong></span> <span class='ocrx_word' id='word_1_314' title='bbox 1840 2505 1929 2558; x_wconf 90' lang='lat' dir='ltr'><strong>der</strong></span> <span class='ocrx_word' id='word_1_315' title='bbox 1962 2506 2335 2575; x_wconf 85' lang='lat' dir='ltr'><strong>Peripatetiker</strong></span> <span class='ocrx_word' id='word_1_316' title='bbox 2380 2506 2548 2559; x_wconf 87' lang='lat' dir='ltr'><strong>ohne</strong></span> 
     </span>
     <span class='ocr_line' id='line_1_53' title="bbox 1529 2573 2549 2641; baseline 0.002 -16"><span class='ocrx_word' id='word_1_317' title='bbox 1529 2573 1792 2627; x_wconf 78' lang='lat' dir='ltr'><strong>Beweis</strong></span> <span class='ocrx_word' id='word_1_318' title='bbox 1840 2575 2134 2641; x_wconf 88' lang='lat' dir='ltr'><strong>zugestehe.</strong></span> <span class='ocrx_word' id='word_1_319' title='bbox 2203 2574 2304 2628; x_wconf 87' lang='lat' dir='ltr'><strong>Der</strong></span> <span class='ocrx_word' id='word_1_320' title='bbox 2345 2575 2549 2627; x_wconf 87' lang='lat' dir='ltr'><strong>Beweis</strong></span> 
     </span>
     <span class='ocr_line' id='line_1_54' title="bbox 1528 2642 2549 2709; baseline -0.001 -15"><span class='ocrx_word' id='word_1_321' title='bbox 1528 2642 1667 2709; x_wconf 85' lang='lat' dir='ltr'><strong>aber,</strong></span> <span class='ocrx_word' id='word_1_322' title='bbox 1702 2642 1794 2696; x_wconf 85' lang='lat' dir='ltr'><strong>der</strong></span> <span class='ocrx_word' id='word_1_323' title='bbox 1828 2642 2080 2695; x_wconf 86' lang='lat' dir='ltr'><strong>trotzdem</strong></span> <span class='ocrx_word' id='word_1_324' title='bbox 2115 2643 2196 2695; x_wconf 74' lang='lat' dir='ltr'><strong>fiir</strong></span> <span class='ocrx_word' id='word_1_325' title='bbox 2225 2643 2400 2696; x_wconf 87' lang='lat' dir='ltr'><strong>diesen</strong></span> <span class='ocrx_word' id='word_1_326' title='bbox 2426 2642 2549 2695; x_wconf 79' lang='lat' dir='ltr'><strong>Satz</strong></span> 
     </span>
     <span class='ocr_line' id='line_1_55' title="bbox 1529 2709 2551 2777; baseline -0.002 -12"><span class='ocrx_word' id='word_1_327' title='bbox 1529 2709 1563 2777; x_wconf 97' lang='lat'><strong>5</strong></span> <span class='ocrx_word' id='word_1_328' title='bbox 1598 2713 1663 2765; x_wconf 82' lang='lat'><strong>35</strong></span> <span class='ocrx_word' id='word_1_329' title='bbox 1707 2714 1939 2776; x_wconf 80' lang='lat' dir='ltr'><strong>itemque</strong></span> <span class='ocrx_word' id='word_1_330' title='bbox 1970 2714 2021 2762; x_wconf 75' lang='lat' dir='ltr'><strong>si</strong></span> <span class='ocrx_word' id='word_1_331' title='bbox 2055 2711 2128 2762; x_wconf 84' lang='lat' dir='ltr'><strong>ad</strong></span> <span class='ocrx_word' id='word_1_332' title='bbox 2160 2714 2284 2764; x_wconf 77' lang='lat' dir='ltr'><strong>lton.</strong></span> <span class='ocrx_word' id='word_1_333' title='bbox 2320 2715 2420 2766; x_wconf 87' lang='lat' dir='ltr'><strong>cet.</strong></span> <span class='ocrx_word' id='word_1_334' title='bbox 2462 2726 2551 2776; x_wconf 83' lang='lat' dir='ltr'><strong>ge-</strong></span> 
     </span>
     <span class='ocr_line' id='line_1_56' title="bbox 1529 2778 2552 2846; baseline -0.001 -15"><span class='ocrx_word' id='word_1_335' title='bbox 1529 2778 1695 2843; x_wconf 80' lang='lat' dir='ltr'><strong>geben</strong></span> <span class='ocrx_word' id='word_1_336' title='bbox 1720 2779 1867 2844; x_wconf 83' lang='lat' dir='ltr'><strong>wird,</strong></span> <span class='ocrx_word' id='word_1_337' title='bbox 1902 2779 1972 2830; x_wconf 83' lang='lat' dir='ltr'><strong>ist</strong></span> <span class='ocrx_word' id='word_1_338' title='bbox 2007 2778 2041 2846; x_wconf 92' lang='lat'><strong>5</strong></span> <span class='ocrx_word' id='word_1_339' title='bbox 2068 2782 2134 2833; x_wconf 82' lang='lat'><strong>23</strong></span> <span class='ocrx_word' id='word_1_340' title='bbox 2163 2779 2216 2832; x_wconf 85' lang='lat' dir='ltr'><strong>ff.</strong></span> <span class='ocrx_word' id='word_1_341' title='bbox 2252 2785 2416 2846; x_wconf 77' lang='lat' dir='ltr'><strong>atque</strong></span> <span class='ocrx_word' id='word_1_342' title='bbox 2449 2780 2552 2831; x_wconf 78' lang='lat' dir='ltr'><strong>ltoe</strong></span> 
     </span>
     <span class='ocr_line' id='line_1_57' title="bbox 1526 2847 2551 2912; baseline 0.002 -15"><span class='ocrx_word' id='word_1_343' title='bbox 1526 2847 1694 2898; x_wconf 80' lang='lat' dir='ltr'><strong>multo</strong></span> <span class='ocrx_word' id='word_1_344' title='bbox 1739 2849 1916 2912; x_wconf 74' lang='lat' dir='ltr'><strong>magis</strong></span> <span class='ocrx_word' id='word_1_345' title='bbox 1959 2852 2059 2902; x_wconf 87' lang='lat' dir='ltr'><strong>cet.</strong></span> <span class='ocrx_word' id='word_1_346' title='bbox 2114 2848 2275 2901; x_wconf 82' lang='lat' dir='ltr'><strong>sehon</strong></span> <span class='ocrx_word' id='word_1_347' title='bbox 2318 2847 2551 2900; x_wconf 77' lang='lat' dir='ltr'><strong>ausfiihr-</strong></span> 
     </span>
     <span class='ocr_line' id='line_1_58' title="bbox 1526 2914 2056 2982; baseline 0.004 -16"><span class='ocrx_word' id='word_1_348' title='bbox 1526 2914 1687 2967; x_wconf 86' lang='lat' dir='ltr'><strong>licher</strong></span> <span class='ocrx_word' id='word_1_349' title='bbox 1718 2915 2056 2982; x_wconf 85' lang='lat' dir='ltr'><strong>besprochen.</strong></span> 
     </span>
    </p>

    <p class='ocr_par' dir='ltr' id='par_1_7' title="bbox 1521 2982 2550 3391">
     <span class='ocr_line' id='line_1_59' title="bbox 1595 2982 2547 3049; baseline -0.003 -12"><span class='ocrx_word' id='word_1_350' title='bbox 1595 2986 1643 3037; x_wconf 87' lang='lat'><strong>9.</strong></span> <span class='ocrx_word' id='word_1_351' title='bbox 1689 2985 2061 3049; x_wconf 72' lang='lat' dir='ltr'><strong>superior-ihm</strong></span> <span class='ocrx_word' id='word_1_352' title='bbox 2110 2984 2282 3035; x_wconf 73' lang='lat' dir='ltr'><strong>libris.</strong></span> <span class='ocrx_word' id='word_1_353' title='bbox 2347 2982 2402 3036; x_wconf 87' lang='lat' dir='ltr'><strong>ln</strong></span> <span class='ocrx_word' id='word_1_354' title='bbox 2449 2982 2547 3034; x_wconf 88' lang='lat' dir='ltr'><strong>den</strong></span> 
     </span>
     <span class='ocr_line' id='line_1_60' title="bbox 1525 3048 2549 3118; baseline 0 -16"><span class='ocrx_word' id='word_1_355' title='bbox 1525 3048 1675 3103; x_wconf 81' lang='lat' dir='ltr'><strong>Hdss.</strong></span> <span class='ocrx_word' id='word_1_356' title='bbox 1705 3051 1846 3103; x_wconf 86' lang='lat' dir='ltr'><strong>steht</strong></span> <span class='ocrx_word' id='word_1_357' title='bbox 1880 3067 1951 3102; x_wconf 73' lang='grc' dir='ltr'><strong>σω</strong></span> <span class='ocrx_word' id='word_1_358' title='bbox 1981 3068 2097 3118; x_wconf 74' lang='lat' dir='ltr'><strong>sup.</strong></span> <span class='ocrx_word' id='word_1_359' title='bbox 2138 3052 2190 3115; x_wconf 82' lang='grc'><strong>1.,</strong></span> <span class='ocrx_word' id='word_1_360' title='bbox 2226 3052 2349 3104; x_wconf 83' lang='lat' dir='ltr'><strong>aber</strong></span> <span class='ocrx_word' id='word_1_361' title='bbox 2384 3068 2453 3102; x_wconf 76' lang='lat' dir='ltr'><strong>ex</strong></span> <span class='ocrx_word' id='word_1_362' title='bbox 2489 3052 2549 3102; x_wconf 78' lang='lat' dir='ltr'><strong>li·</strong></span> 
     </span>
     <span class='ocr_line' id='line_1_61' title="bbox 1527 3118 2547 3185; baseline 0.001 -15"><span class='ocrx_word' id='word_1_363' title='bbox 1527 3121 1638 3170; x_wconf 73' lang='lat' dir='ltr'><strong>bris</strong></span> <span class='ocrx_word' id='word_1_364' title='bbox 1688 3123 1979 3185; x_wconf 81' lang='lat' dir='ltr'><strong>praecepta</strong></span> <span class='ocrx_word' id='word_1_365' title='bbox 2028 3124 2159 3170; x_wconf 74' lang='lat' dir='ltr'><strong>sunt</strong></span> <span class='ocrx_word' id='word_1_366' title='bbox 2204 3120 2381 3172; x_wconf 76' lang='lat' dir='ltr'><strong>wt&#39;irde</strong></span> <span class='ocrx_word' id='word_1_367' title='bbox 2432 3118 2547 3171; x_wconf 89' lang='lat' dir='ltr'><strong>eine</strong></span> 
     </span>
     <span class='ocr_line' id='line_1_62' title="bbox 1527 3186 2550 3256; baseline 0.002 -18"><span class='ocrx_word' id='word_1_368' title='bbox 1527 3186 1652 3239; x_wconf 84' lang='lat' dir='ltr'><strong>weit</strong></span> <span class='ocrx_word' id='word_1_369' title='bbox 1703 3190 1938 3253; x_wconf 71' lang='lat' dir='ltr'><strong>grossere</strong></span> <span class='ocrx_word' id='word_1_370' title='bbox 1991 3186 2403 3256; x_wconf 87' lang='lat' dir='ltr'><strong>Ungenauigkeit</strong></span> <span class='ocrx_word' id='word_1_371' title='bbox 2456 3186 2550 3240; x_wconf 86' lang='lat' dir='ltr'><strong>des</strong></span> 
     </span>
     <span class='ocr_line' id='line_1_63' title="bbox 1525 3254 2545 3323; baseline -0.001 -17"><span class='ocrx_word' id='word_1_372' title='bbox 1525 3254 1822 3308; x_wconf 86' lang='lat' dir='ltr'><strong>Ausdrucks</strong></span> <span class='ocrx_word' id='word_1_373' title='bbox 1859 3255 1999 3321; x_wconf 87' lang='lat' dir='ltr'><strong>sein,</strong></span> <span class='ocrx_word' id='word_1_374' title='bbox 2036 3255 2113 3308; x_wconf 86' lang='lat' dir='ltr'><strong>als</strong></span> <span class='ocrx_word' id='word_1_375' title='bbox 2146 3254 2167 3308; x_wconf 91' lang='lat'>1</span> <span class='ocrx_word' id='word_1_376' title='bbox 2202 3255 2236 3323; x_wconf 94' lang='lat'><strong>5</strong></span> <span class='ocrx_word' id='word_1_377' title='bbox 2279 3261 2339 3309; x_wconf 87' lang='grc'><strong>15</strong></span> <span class='ocrx_word' id='word_1_378' title='bbox 2378 3272 2447 3307; x_wconf 72' lang='lat' dir='ltr'><strong>ex</strong></span> <span class='ocrx_word' id='word_1_379' title='bbox 2482 3272 2545 3306; x_wconf 86' lang='lat' dir='ltr'><strong>ea</strong></span> 
     </span>
     <span class='ocr_line' id='line_1_64' title="bbox 1521 3325 2549 3391; baseline 0.001 -18"><span class='ocrx_word' id='word_1_380' title='bbox 1521 3327 1704 3390; x_wconf 82' lang='lat' dir='ltr'><strong>parte,</strong></span> <span class='ocrx_word' id='word_1_381' title='bbox 1758 3340 1896 3390; x_wconf 81' lang='lat' dir='ltr'><strong>quae</strong></span> <span class='ocrx_word' id='word_1_382' title='bbox 1928 3327 2114 3390; x_wconf 74' lang='lat' dir='ltr'><strong>prima</strong></span> <span class='ocrx_word' id='word_1_383' title='bbox 2157 3325 2427 3391; x_wconf 72' lang='lat' dir='ltr'><strong>deser-ipta</strong></span> <span class='ocrx_word' id='word_1_384' title='bbox 2471 3328 2549 3374; x_wconf 63' lang='lat' dir='ltr'><strong>ert</strong></span> 
     </span>
    </p>
   </div>
   <div class='ocr_carea' id='block_1_5' title="bbox 396 3388 1425 4001">
    <p class='ocr_par' dir='ltr' id='par_1_8' title="bbox 398 3388 1423 3592">
     <span class='ocr_line' id='line_1_65' title="bbox 400 3388 1423 3457; baseline 0.004 -17"><span class='ocrx_word' id='word_1_385' title='bbox 400 3388 592 3440; x_wconf 79' lang='lat' dir='ltr'><strong>wieder</strong></span> <span class='ocrx_word' id='word_1_386' title='bbox 643 3388 728 3443; x_wconf 89' lang='lat' dir='ltr'><strong>die</strong></span> <span class='ocrx_word' id='word_1_387' title='bbox 775 3389 1059 3457; x_wconf 85' lang='lat' dir='ltr'><strong>Endungen</strong></span> <span class='ocrx_word' id='word_1_388' title='bbox 1110 3390 1199 3443; x_wconf 86' lang='lat' dir='ltr'><strong>der</strong></span> <span class='ocrx_word' id='word_1_389' title='bbox 1241 3389 1423 3444; x_wconf 83' lang='lat' dir='ltr'><strong>Worte</strong></span> 
     </span>
     <span class='ocr_line' id='line_1_66' title="bbox 398 3457 1423 3511; baseline 0.003 -3"><span class='ocrx_word' id='word_1_390' title='bbox 398 3457 697 3510; x_wconf 83' lang='lat' dir='ltr'><strong>vertauscht</strong></span> <span class='ocrx_word' id='word_1_391' title='bbox 751 3458 881 3511; x_wconf 87' lang='lat' dir='ltr'><strong>sind.</strong></span> <span class='ocrx_word' id='word_1_392' title='bbox 951 3458 1154 3511; x_wconf 87' lang='lat' dir='ltr'><strong>Andere</strong></span> <span class='ocrx_word' id='word_1_393' title='bbox 1209 3458 1423 3511; x_wconf 81' lang='lat' dir='ltr'><strong>wollten</strong></span> 
     </span>
     <span class='ocr_line' id='line_1_67' title="bbox 400 3525 1161 3592; baseline 0.004 -15"><span class='ocrx_word' id='word_1_394' title='bbox 400 3525 578 3578; x_wconf 85' lang='lat' dir='ltr'><strong>darum</strong></span> <span class='ocrx_word' id='word_1_395' title='bbox 612 3529 857 3592; x_wconf 77' lang='lat' dir='ltr'><strong>corporis</strong></span> <span class='ocrx_word' id='word_1_396' title='bbox 889 3526 1161 3581; x_wconf 82' lang='lat' dir='ltr'><strong>streichen.</strong></span> 
     </span>
    </p>

    <p class='ocr_par' dir='ltr' id='par_1_9' title="bbox 400 3594 1424 3799">
     <span class='ocr_line' id='line_1_68' title="bbox 469 3594 1424 3663; baseline 0 -16"><span class='ocrx_word' id='word_1_397' title='bbox 469 3597 517 3647; x_wconf 85' lang='lat'><strong>5.</strong></span> <span class='ocrx_word' id='word_1_398' title='bbox 555 3610 627 3644; x_wconf 76' lang='lat' dir='ltr'><strong>eoe</strong></span> <span class='ocrx_word' id='word_1_399' title='bbox 662 3599 910 3660; x_wconf 81' lang='lat' dir='ltr'><strong>tempore.</strong></span> <span class='ocrx_word' id='word_1_400' title='bbox 954 3594 1051 3646; x_wconf 87' lang='lat' dir='ltr'><strong>Mit</strong></span> <span class='ocrx_word' id='word_1_401' title='bbox 1084 3611 1155 3646; x_wconf 75' lang='lat' dir='ltr'><strong>eoe</strong></span> <span class='ocrx_word' id='word_1_402' title='bbox 1185 3600 1424 3663; x_wconf 80' lang='lat' dir='ltr'><strong>tempore</strong></span> 
     </span>
     <span class='ocr_line' id='line_1_69' title="bbox 400 3659 1424 3724; baseline 0.003 -11"><span class='ocrx_word' id='word_1_403' title='bbox 400 3660 645 3724; x_wconf 79' lang='lat' dir='ltr'><strong>officium</strong></span> <span class='ocrx_word' id='word_1_404' title='bbox 696 3662 958 3715; x_wconf 74' lang='lat' dir='ltr'><strong>ubersetzt</strong></span> <span class='ocrx_word' id='word_1_405' title='bbox 1011 3663 1111 3716; x_wconf 88' lang='lat' dir='ltr'><strong>Cic.</strong></span> <span class='ocrx_word' id='word_1_406' title='bbox 1164 3659 1231 3716; x_wconf 80' lang='grc' dir='ltr'><strong>τὸ</strong></span> <span class='ocrx_word' id='word_1_407' title='bbox 1280 3660 1424 3716; x_wconf 79' lang='grc' dir='ltr'><em>κατὰ</em></span> 
     </span>
     <span class='ocr_line' id='line_1_70' title="bbox 400 3729 1388 3799; baseline 0.002 -17"><span class='ocrx_word' id='word_1_408' title='bbox 400 3733 723 3798; x_wconf 73' lang='grc' dir='ltr'><strong><em>περίστασιν</em></strong></span> <span class='ocrx_word' id='word_1_409' title='bbox 755 3729 1022 3796; x_wconf 74' lang='grc' dir='ltr'><strong><em>καθῆκον.</em></strong></span> <span class='ocrx_word' id='word_1_410' title='bbox 1078 3729 1131 3786; x_wconf 89' lang='lat' dir='ltr'><strong>S.</strong></span> <span class='ocrx_word' id='word_1_411' title='bbox 1168 3748 1232 3784; x_wconf 84' lang='lat' dir='ltr'><strong>zu</strong></span> <span class='ocrx_word' id='word_1_412' title='bbox 1269 3731 1303 3799; x_wconf 82' lang='lat'><strong>5</strong></span> <span class='ocrx_word' id='word_1_413' title='bbox 1341 3735 1388 3784; x_wconf 90' lang='grc'><strong>8.</strong></span> 
     </span>
    </p>

    <p class='ocr_par' dir='ltr' id='par_1_10' title="bbox 396 3798 1425 4001">
     <span class='ocr_line' id='line_1_71' title="bbox 470 3798 1425 3865; baseline 0.005 -18"><span class='ocrx_word' id='word_1_414' title='bbox 470 3800 516 3849; x_wconf 86' lang='grc'><strong>7.</strong></span> <span class='ocrx_word' id='word_1_415' title='bbox 564 3798 701 3849; x_wconf 73' lang='lat' dir='ltr'><strong>Eius</strong></span> <span class='ocrx_word' id='word_1_416' title='bbox 742 3800 893 3850; x_wconf 84' lang='lat' dir='ltr'><strong>modi</strong></span> <span class='ocrx_word' id='word_1_417' title='bbox 931 3802 1109 3865; x_wconf 77' lang='lat' dir='ltr'><strong>igitur</strong></span> <span class='ocrx_word' id='word_1_418' title='bbox 1143 3800 1302 3851; x_wconf 78' lang='lat' dir='ltr'><strong>eredo</strong></span> <span class='ocrx_word' id='word_1_419' title='bbox 1336 3817 1425 3852; x_wconf 74' lang='lat' dir='ltr'><strong>res</strong></span> 
     </span>
     <span class='ocr_line' id='line_1_72' title="bbox 400 3863 1423 3935; baseline 0.007 -22"><span class='ocrx_word' id='word_1_420' title='bbox 400 3870 499 3914; x_wconf 88' lang='lat' dir='ltr'><strong>cet.</strong></span> <span class='ocrx_word' id='word_1_421' title='bbox 557 3863 677 3916; x_wconf 85' lang='lat' dir='ltr'><strong>Hier</strong></span> <span class='ocrx_word' id='word_1_422' title='bbox 711 3865 811 3919; x_wconf 92' lang='lat' dir='ltr'><strong>soll</strong></span> <span class='ocrx_word' id='word_1_423' title='bbox 847 3867 931 3918; x_wconf 89' lang='lat' dir='ltr'><strong>die</strong></span> <span class='ocrx_word' id='word_1_424' title='bbox 974 3867 1283 3935; x_wconf 87' lang='lat' dir='ltr'><strong>eigentliche</strong></span> <span class='ocrx_word' id='word_1_425' title='bbox 1316 3868 1423 3920; x_wconf 85' lang='lat' dir='ltr'><strong>Ab·</strong></span> 
     </span>
     <span class='ocr_line' id='line_1_73' title="bbox 396 3929 1421 4001; baseline 0.009 -21"><span class='ocrx_word' id='word_1_426' title='bbox 396 3929 661 3997; x_wconf 86' lang='lat' dir='ltr'><strong>handlung</strong></span> <span class='ocrx_word' id='word_1_427' title='bbox 694 3938 800 3986; x_wconf 79' lang='lat' dir='ltr'><strong>eret</strong></span> <span class='ocrx_word' id='word_1_428' title='bbox 833 3934 1104 4001; x_wconf 88' lang='lat' dir='ltr'><strong>beginnen,</strong></span> <span class='ocrx_word' id='word_1_429' title='bbox 1146 3936 1252 3988; x_wconf 88' lang='lat' dir='ltr'><strong>und</strong></span> <span class='ocrx_word' id='word_1_430' title='bbox 1287 3935 1421 3989; x_wconf 88' lang='lat' dir='ltr'><strong>doch</strong></span> 
     </span>
    </p>
   </div>
   <div class='ocr_carea' id='block_1_6' title="bbox 1521 3393 2547 4003">
    <p class='ocr_par' dir='ltr' id='par_1_11' title="bbox 1521 3393 2547 4003">
     <span class='ocr_line' id='line_1_74' title="bbox 1525 3393 2546 3458; baseline 0.001 -17"><span class='ocrx_word' id='word_1_431' title='bbox 1525 3419 1593 3430; x_wconf 93' lang='lat'><em>-</em></span> <span class='ocrx_word' id='word_1_432' title='bbox 1622 3394 1762 3442; x_wconf 72' lang='lat' dir='ltr'><strong>inest</strong></span> <span class='ocrx_word' id='word_1_433' title='bbox 1792 3393 2074 3456; x_wconf 66' lang='lat' dir='ltr'><strong>indagatio</strong></span> <span class='ocrx_word' id='word_1_434' title='bbox 2111 3398 2272 3458; x_wconf 78' lang='lat' dir='ltr'><strong>atque</strong></span> <span class='ocrx_word' id='word_1_435' title='bbox 2304 3396 2546 3444; x_wconf 79' lang='lat' dir='ltr'><strong>inventio</strong></span> 
     </span>
     <span class='ocr_line' id='line_1_75' title="bbox 1525 3459 2546 3524; baseline 0.002 -15"><span class='ocrx_word' id='word_1_436' title='bbox 1525 3463 1664 3524; x_wconf 77' lang='lat' dir='ltr'><strong>veri,</strong></span> <span class='ocrx_word' id='word_1_437' title='bbox 1716 3461 1836 3513; x_wconf 78' lang='lat' dir='ltr'><strong>weil</strong></span> <span class='ocrx_word' id='word_1_438' title='bbox 1889 3459 2000 3512; x_wconf 87' lang='lat' dir='ltr'><strong>hier</strong></span> <span class='ocrx_word' id='word_1_439' title='bbox 2052 3460 2143 3512; x_wconf 84' lang='lat' dir='ltr'><strong>das</strong></span> <span class='ocrx_word' id='word_1_440' title='bbox 2195 3460 2546 3514; x_wconf 84' lang='lat' dir='ltr'><strong>Fallenlassen</strong></span> 
     </span>
     <span class='ocr_line' id='line_1_76' title="bbox 1526 3527 2545 3583; baseline 0.001 -4"><span class='ocrx_word' id='word_1_441' title='bbox 1526 3527 1617 3581; x_wconf 87' lang='lat' dir='ltr'><strong>der</strong></span> <span class='ocrx_word' id='word_1_442' title='bbox 1639 3527 1999 3583; x_wconf 78' lang='lat' dir='ltr'><strong>construction</strong></span> <span class='ocrx_word' id='word_1_443' title='bbox 2035 3528 2177 3581; x_wconf 87' lang='lat' dir='ltr'><strong>nicht</strong></span> <span class='ocrx_word' id='word_1_444' title='bbox 2200 3528 2359 3582; x_wconf 88' lang='lat' dir='ltr'><strong>durch</strong></span> <span class='ocrx_word' id='word_1_445' title='bbox 2395 3528 2545 3581; x_wconf 87' lang='lat' dir='ltr'><strong>einen</strong></span> 
     </span>
     <span class='ocr_line' id='line_1_77' title="bbox 1524 3596 2547 3718; baseline 0 -3"><span class='ocrx_word' id='word_1_446' title='bbox 1524 3596 2394 3718; x_wconf 52' lang='lat' dir='ltr'><strong>‘²³⁰⁸⁴1²Si⁰¹¹5¹332¹⁸¹¹022323⁰2¹1¹3¹3⁸2i²2</strong></span> <span class='ocrx_word' id='word_1_447' title='bbox 2428 3600 2547 3715; x_wconf 58' lang='lat'><strong>32¹3</strong></span> 
     </span>
     <span class='ocr_line' id='line_1_78' title="bbox 1521 3665 2545 3813; baseline -0.001 -28"><span class='ocrx_word' id='word_1_448' title='bbox 1521 3665 1976 3813; x_wconf 49' lang='lat' dir='ltr'><strong>zssflerggehenden</strong></span> <span class='ocrx_word' id='word_1_449' title='bbox 2023 3749 2076 3783; x_wconf 74' lang='lat' dir='ltr'><strong>es</strong></span> <span class='ocrx_word' id='word_1_450' title='bbox 2127 3733 2433 3786; x_wconf 85' lang='lat' dir='ltr'><strong>entstanden</strong></span> <span class='ocrx_word' id='word_1_451' title='bbox 2480 3748 2545 3784; x_wconf 90' lang='lat' dir='ltr'><strong>zu</strong></span> 
     </span>
     <span class='ocr_line' id='line_1_79' title="bbox 1523 3817 2543 3936; baseline -0.003 -14"><span class='ocrx_word' id='word_1_452' title='bbox 1523 3817 1630 3922; x_wconf 53' lang='lat' dir='ltr'><strong>sel?</strong></span> <span class='ocrx_word' id='word_1_453' title='bbox 1627 3872 1674 3924; x_wconf 85' lang='lat'><strong>3</strong></span> <span class='ocrx_word' id='word_1_454' title='bbox 1688 3874 2022 3936; x_wconf 75' lang='lat' dir='ltr'><strong>geometrae.-</strong></span> <span class='ocrx_word' id='word_1_455' title='bbox 2040 3868 2124 3920; x_wconf 90' lang='lat' dir='ltr'><strong>die</strong></span> <span class='ocrx_word' id='word_1_456' title='bbox 2136 3866 2543 3920; x_wconf 84' lang='lat' dir='ltr'><strong>Mathematiker.</strong></span> 
     </span>
     <span class='ocr_line' id='line_1_80' title="bbox 1522 3935 2547 4003; baseline -0.002 -15"><span class='ocrx_word' id='word_1_457' title='bbox 1522 3935 1676 3992; x_wconf 84' lang='lat' dir='ltr'><strong>Tusc.</strong></span> <span class='ocrx_word' id='word_1_458' title='bbox 1710 3937 1732 3990; x_wconf 91' lang='lat'>1</span> <span class='ocrx_word' id='word_1_459' title='bbox 1767 3938 1816 4003; x_wconf 84' lang='lat'><strong>2,</strong></span> <span class='ocrx_word' id='word_1_460' title='bbox 1840 3941 1871 3990; x_wconf 90' lang='grc'><strong>5</strong></span> <span class='ocrx_word' id='word_1_461' title='bbox 1907 3941 1967 3988; x_wconf 83' lang='lat' dir='ltr'><strong>in</strong></span> <span class='ocrx_word' id='word_1_462' title='bbox 2001 3952 2205 3987; x_wconf 71' lang='lat' dir='ltr'><strong>summo</strong></span> <span class='ocrx_word' id='word_1_463' title='bbox 2242 3937 2391 4003; x_wconf 83' lang='lat' dir='ltr'><strong>apud</strong></span> <span class='ocrx_word' id='word_1_464' title='bbox 2422 3935 2547 3987; x_wconf 71' lang='lat' dir='ltr'><strong>illos</strong></span> 
     </span>
    </p>
   </div>
  </div>
 </body>
</html>
