2813 4537
399 270 527 334 242
990 270 1085 340 „DE
1123 269 1383 325 Orneus
1421 268 1539 325 ΠΒ.
1563 269 1641 326 111.
1694 270 1836 326 CAP.
1863 274 1944 326 31.

397 446 639 509 Nullum
679 444 841 507 enim
869 443 1173 507 vinculum
1203 445 1276 505 ad
1305 443 1751 525 astringendam
1778 444 1954 505 fidem
1985 442 2114 504 iure
2145 442 2393 505 iurando
2423 460 2559 504 ma-

398 532 555 594 iores
585 530 770 593 artius
801 548 930 593 esse
959 529 1295 592 voluerunt.
1359 530 1425 591 Id
1455 529 1723 591 indicant
1749 528 1912 609 leges
1942 529 2003 590 in
2036 527 2347 591 duodecim
2376 528 2557 591 tabu-

397 618 499 692 lis,
546 616 810 678 indicant
837 623 1099 678 sacratae
1117 662 1134 689 ,
1177 615 1445 677 indicant
1472 615 1728 688 foedera,
1765 614 1981 694 quibus
2010 613 2187 676 etiam
2216 632 2354 676 cum
2381 615 2559 676 hoste

401 702 732 765 devincitur
752 702 917 777 fideS,
948 700 1215 763 indicant
1235 700 1516 762 notiones
1537 700 2193 779 animadversionesque
2215 717 2557 776 censorum,

398 787 503 867 qui
555 786 718 849 nulla
768 787 841 848 de
893 804 958 848 re
1010 785 1350 868 diligentius
1401 803 1580 865 quam
1620 786 1694 847 de
1735 784 1864 847 iure
1904 785 2154 847 iurando
2196 784 2559 847 iudicabant.

295 884 381 938 112
399 872 466 934 L.
498 871 717 934 Manlio
762 874 829 935 Α.
861 871 947 947 F.,
990 889 1128 933 cum
1169 870 1423 933 dictator
1464 870 1700 946 fuisset,
1745 870 1822 932 M.
1869 870 2236 951 Pomponius
2274 869 2557 933 tribunus

395 958 477 1040 pl.
525 958 682 1019 diem
710 956 885 1033 dixit,
934 957 1095 1037 quod
1123 956 1175 1017 is
1203 974 1428 1036 paucos
1455 955 1569 1018 sibi
1597 956 1722 1017 dies
1750 956 1823 1017 ad
1853 955 2201 1018 dictaturam
2230 956 2557 1035 gerendam

397 1042 745 1106 addidisset:
791 1041 1214 1104 criminabatur
1255 1041 1434 1103 etiam
1448 1087 1465 1116 ,
1512 1042 1673 1121 quod
1702 1040 1904 1103 Titum
1947 1039 2134 1102 filium
2148 1087 2164 1116 ,
2212 1041 2315 1120 qui
2345 1048 2556 1120 postea

397 1136 489 1191 est
518 1128 857 1208 Torquatus
902 1126 1258 1208 appellatus,
1299 1127 1373 1188 ab
1419 1126 1761 1189 hominibus
1790 1127 2112 1207 relegasset
2140 1133 2199 1186 et
2226 1126 2353 1187 ruri
2382 1125 2554 1188 habi-

396 1221 527 1275 tare
570 1213 854 1276 iussisset.
930 1212 1105 1284 Quod
1149 1224 1286 1274 cum
1329 1211 1647 1274 audivisset
1682 1211 2029 1274 adulescens
2056 1210 2214 1273 filius
2244 1210 2554 1294 negotium

399 1297 664 1360 exhiberi
704 1298 889 1379 patri,
933 1297 1261 1360 accurrisse
1288 1297 1539 1359 Romam
1581 1305 1641 1359 et
1682 1315 1818 1359 cum
1863 1296 2059 1377 primo
2088 1296 2208 1358 luci
2235 1296 2555 1377 Pomponii

396 1385 638 1446 domum
688 1384 919 1446 venisse
969 1382 1202 1445 dicitur.
1285 1381 1394 1445 Cui
1439 1400 1578 1445 cum
1620 1391 1777 1444 esset
1817 1382 2189 1457 nuntiatum,
2241 1382 2342 1461 qui
2381 1382 2553 1444 illum

395 1470 609 1531 iratum
637 1469 952 1530 allaturum
980 1469 1053 1529 ad
1083 1486 1147 1529 se
1176 1468 1397 1547 aliquid
1419 1475 1630 1530 contra
1656 1474 1887 1547 patrem
1916 1468 2321 1542 arbitraretur,
2350 1485 2553 1529 surre-

394 1554 481 1617 xit
503 1574 537 1615 e
559 1553 776 1616 lectulo
806 1553 1170 1632 remotisque
1200 1552 1438 1615 arbitris
1466 1553 1539 1615 ad
1568 1572 1631 1614 se
1661 1552 2101 1615 adulescentem
2128 1552 2300 1614 iussit
2328 1553 2550 1614 venire.

397 1641 473 1701 At
513 1639 630 1704 ille..
649 1647 717 1701 ut
746 1638 1052 1719 ingressus
1081 1646 1201 1714 est,
1249 1638 1566 1701 confestim
1592 1638 1851 1719 gladium
1880 1637 2193 1700 destrinxit
2221 1637 2553 1718 iuravitque

397 1744 462 1787 se
498 1724 665 1786 illum
694 1723 892 1786 statim
920 1723 1409 1799 interfecturum,
1450 1723 1566 1786 nisi
1594 1724 1686 1787 ius
1714 1723 2031 1786 iurandum
2059 1723 2173 1785 sibi
2200 1721 2457 1785 dedisset
2485 1741 2550 1784 se

397 1818 626 1892 patrem
648 1808 895 1871 missum
925 1827 1055 1872 esse
1085 1810 1399 1872 facturum.
1457 1808 1677 1871 Iuravit
1703 1810 1822 1871 hoc
1847 1816 2078 1870 terrore
2109 1817 2350 1871 coactus
2373 1807 2550 1870 Pom-

396 1895 648 1977 ponius:
691 1913 817 1957 rem
848 1895 919 1956 ad
950 1895 1242 1976 populum
1270 1894 1511 1972 detulit,
1555 1893 1757 1956 docuit
1787 1913 1895 1956 cur
1922 1894 2035 1955 sibi
2064 1912 2241 1956 causa
2269 1892 2550 1955 desistere

377 1998 642 2042 necesse
683 1988 866 2056 esset,
913 1980 1198 2042 Manlium
1240 1980 1487 2043 missum
1531 1979 1690 2042 fecit.
1751 1979 2009 2041 Tantum
2038 1978 2408 2060 temporibus
2436 1978 2551 2040 illis

396 2065 490 2128 ius
519 2065 837 2127 iurandum
863 2065 1110 2127 valebat.
1171 2066 1362 2145 Atqu‘e
1391 2064 1489 2127 hic
1520 2065 1588 2126 T.
1619 2063 1873 2127 Manlius
1900 2064 1951 2126 is
1982 2072 2091 2140 est,
2134 2063 2235 2144 qui
2265 2064 2338 2124 ad
2369 2063 2550 2125 Anie-

398 2169 538 2214 nem
561 2150 727 2225 Galli,
758 2168 935 2229 quem
957 2150 1030 2211 ab
1055 2169 1125 2212 eo
1147 2158 1503 2230 provocatus
1525 2149 1839 2226 occiderat,
1869 2157 2085 2229 torque
2114 2150 2378 2211 detracto
2409 2167 2553 2229 cog-

470 2268 517 2319 2.
553 2268 615 2318 in
648 2266 933 2318 duodecim
969 2265 1190 2317 tabulis:
1226 2264 1289 2318 de
1320 2265 1424 2333 leg.

396 2334 440 2388 11
474 2337 523 2401 9,
550 2337 615 2387 22
650 2339 769 2402 sagt
804 2334 904 2386 Cic.
941 2334 1073 2387 nach
1110 2334 1210 2387 den
1234 2334 1426 2388 Zwoll'-

398 2403 796 2471 tafelgesetzen:
842 2405 1084 2470 periurii
1116 2418 1299 2470 poena
1344 2404 1425 2456 di-

400 2476 528 2524 vina
564 2474 810 2538 eutitium,
843 2473 1080 2523 humana
1115 2472 1353 2525 dedecus.

468 2544 518 2594 3.
553 2540 805 2592 iudicant
833 2544 1114 2592 sacratae:
1152 2539 1335 2593 Festus
1371 2556 1424 2608 p.

400 2610 500 2662 318
552 2613 799 2660 sacratae
847 2608 986 2674 leges
1026 2612 1176 2672 eunt,
1231 2609 1425 2674 quibus

397 2681 644 2730 sanetum
689 2682 793 2742 est,
845 2679 942 2742 qui
986 2676 1120 2742 quid
1169 2676 1425 2727 adversus

399 2761 489 2796 eas
533 2744 753 2810 secavit,
798 2759 952 2796 sacer
999 2744 1168 2796 alicui
1201 2744 1424 2796 deorum

397 2816 473 2864 sit
507 2828 627 2864 eum
662 2812 880 2874 familia
911 2815 1261 2880 pecuniaque.
1317 2811 1426 2865 Ins-

399 2879 685 2934 besondere
733 2880 939 2932 heissen
983 2896 1041 2933 so
1088 2879 1170 2932 die
1204 2879 1424 2933 Gesetze

400 2963 521 3000 vom
567 2947 615 3000 J.
652 2949 752 3001 260
797 2950 938 3013 (494)
953 2987 968 3014 ,
1015 2947 1175 3000 durch
1224 2947 1424 3001 welche

401 3014 885 3069 dieVolkstribunen
898 3014 1185 3082 eingesetzt
1194 3015 1423 3069 wurden.

470 3087 517 3139 4.
535 3086 785 3136 notiones
806 3084 1425 3150 animadvoeeionesque:

401 3153 794 3205 animadversio
833 3151 903 3206 ist
938 3151 1030 3206 das
1064 3152 1426 3220 allgemeinere

400 3220 567 3288 Wort‚
597 3220 841 3273 wahrend
860 3224 1010 3274 notio
1029 3220 1308 3288 cigentlich
1329 3237 1427 3274 nur

400 3288 484 3342 die
529 3287 814 3357 gelindeste
851 3288 1023 3343 Weise
1068 3288 1158 3342 der
1200 3289 1427 3343 censori-

401 3359 559 3411 schen
594 3357 741 3424 Rfige
775 3357 1093 3412 bezeichnet.

469 3429 519 3480 6.
552 3425 615 3481 L.
640 3425 878 3477 Manlius
898 3426 1220 3493 Imperiosus
1245 3424 1425 3477 wurde

400 3509 518 3549 zum
568 3493 798 3547 Dictator
854 3497 1072 3546 ernannt
1129 3495 1223 3546 391
1282 3494 1425 3559 (363)

401 3563 543 3616 elavi
585 3561 794 3628 figendi
839 3577 1028 3627 causa,
1076 3560 1257 3614 suchte
1302 3560 1426 3614 aber

400 3631 543 3684 diese
590 3629 785 3682 Wiirde
829 3630 1008 3697 liinger
1053 3644 1118 3680 zu
1163 3629 1423 3695 behalten,

401 3716 488 3753 um
523 3698 624 3751 den
659 3696 814 3765 Krieg
858 3712 1025 3765 gegen
1061 3696 1144 3749 die
1178 3695 1427 3750 Herniker

402 3783 468 3821 zu
515 3767 722 3832 ffihren,
768 3766 999 3819 weshalb
1036 3780 1092 3818 er
1132 3764 1266 3818 auch
1309 3765 1425 3819 eine

400 3833 718 3900 Aushebung
760 3835 856 3886 mit
888 3848 1091 3902 grosser
1123 3832 1278 3887 Harte
1310 3848 1428 3886 ver-

403 3900 695 3954 anstaltete.
731 3902 900 3956 Dutch
923 3902 1022 3956 den
1046 3901 1425 3970 gemeinsamen

403 3966 733 4021 Widerstand
754 3969 845 4023 der
866 3969 1125 4024 Tribunen
1158 3970 1335 4025 wurde
1369 3985 1428 4024 er

1527 2264 1801 2333 genothigt
1857 2263 1940 2318 die
1996 2261 2228 2318 Dictatur
2291 2263 2554 2318 niederzu-

1527 2336 1695 2401 legen,
1730 2332 1834 2387 und
1863 2332 1934 2385 im
1958 2332 2236 2402 folgenden
2259 2333 2414 2386 Jahre
2437 2333 2552 2387 des-

1525 2402 1648 2455 halb
1682 2417 1786 2454 von
1810 2400 1878 2455 M.
1904 2401 2218 2469 Pomponius
2254 2401 2550 2470 angeklagt,

1525 2471 1633 2523 Liv.
1668 2470 1757 2522 Vll
1792 2472 1823 2522 3
1858 2468 1909 2523 ff.

1601 2540 1678 2592 10.
1718 2538 1873 2603 Quod
1891 2553 2011 2589 eum
2035 2568 2079 2576 -
2106 2539 2254 2601 filius
2271 2541 2550 2604 negotium

1527 2608 1774 2658 eoehiberi
1797 2610 1893 2658 cet.
1943 2605 2046 2660 Das
2081 2607 2239 2659 durch
2275 2607 2422 2673 quod
2451 2605 2550 2658 Be-

1525 2674 1790 2727 zeichnete
1831 2673 1962 2727 wird
1996 2672 2156 2727 durch
2190 2674 2291 2727 den
2324 2673 2551 2726 Infinitiv

1526 2744 1685 2795 nfiher
1735 2742 2030 2806 bestimmt;
2090 2758 2135 2795 z.
2182 2741 2223 2795 11
2270 2742 2303 2810 ς
2352 2744 2433 2811 29,
2488 2741 2551 2794 111

1527 2810 1560 2878 ξ
1591 2814 1686 2864 102
1723 2813 1823 2863 hoe
1857 2826 2134 2862 commune
2159 2815 2236 2862 eet
2257 2825 2552 2876 numquam

1526 2895 1624 2931 nee
1656 2882 1825 2931 irasci
1857 2880 2014 2930 deum
2047 2895 2146 2931 nec
2180 2895 2387 2932 nocere.

1524 3014 1571 3066 A
1593 2950 1874 3069 agg-otiu?
1902 2949 2152 2999 exhibere
2185 2947 2269 3066 ist¹
2278 2945 2552 3067 stegender

1573 3031 1633 3067 us
1670 3031 1759 3068 rue
1847 3031 1907 3067 ur
1929 3031 2186 3068 accusare
2272 3030 2329 3068 as
2397 3030 2426 3066 e
2463 3029 2550 3067 en-

1526 3082 1653 3135 theil
1687 3083 1758 3137 ist
1802 3085 2020 3134 missum
2063 3054 2275 3149 faee’re,
2323 3028 2551 3135 vongder

1526 3150 1762 3219 Anklage
1797 3165 1965 3218 gegen
1998 3149 2215 3204 Jemand
2249 3150 2514 3204 abstehen.

1603 3224 1677 3273 11.
1735 3222 1919 3286 primo
1976 3219 2085 3272 luci
2097 3240 2115 3270 .·
2176 3218 2325 3273 Bern.
2381 3233 2416 3270 c·
2459 3217 2550 3270 hat

1521 3290 1703 3354 primo
1726 3288 1874 3341 lucis.
1926 3286 1998 3340 Da
2024 3303 2129 3340 nun
2153 3287 2350 3340 Nonius
2373 3303 2421 3353 p.
2449 3289 2548 3339 210

1527 3354 1887 3409 ausdrucklich
1920 3356 2169 3424 bemugt,
2205 3355 2324 3407 dass
2350 3354 2454 3406 Cic.
2485 3369 2551 3407 an

1526 3422 1695 3477 dieser
1730 3424 1893 3477 Stelle
1930 3424 2030 3476 lux
2062 3421 2427 3477 masculinisch
2464 3437 2552 3488 ge-

1525 3491 1744 3546 braucht
1766 3493 1915 3558 habe,
1949 3508 2008 3545 so
2032 3493 2103 3545 ist
2126 3507 2183 3544 es
2206 3489 2553 3543 wahrschein-

1526 3559 1647 3626 lich,
1682 3560 1803 3614 dass
1837 3560 1950 3613 hier
1981 3564 2200 3629 urspriin
2238 3558 2342 3611 lich
2370 3561 2549 3625 primo

1528 3628 1639 3680 luci
1695 3628 1861 3684 stand.
1939 3628 2037 3680 lux
2095 3629 2172 3681 als
2267 3627 2551 3680 asculinum

1526 3695 1691 3749 findet
1723 3697 1834 3750 sich
1868 3696 1923 3748 in
1957 3695 2047 3749 der
2080 3697 2273 3751 alteren
2309 3695 2552 3748 Latinitat

1527 3764 1719 3832 hiufig,
1755 3780 1799 3820 z.
1826 3764 1881 3818 B.
1918 3763 2084 3818 Plaut.
2111 3764 2226 3818 Aul.
2260 3762 2330 3815 1v
2359 3767 2436 3829 10,
2465 3766 2547 3827 18;

1529 3832 1652 3886 Cist.
1688 3832 1729 3886 11
1776 3837 1816 3900 Ι,
1839 3836 1930 3895 49;
1967 3831 2083 3888 Ter.
2105 3830 2323 3900 Adelph.
2348 3830 2446 3896 Va,
2468 3834 2550 3884 55.

1597 3902 1681 3956 21.
1718 3917 2012 3969 cognomen
2039 3903 2279 3952 invenit.-
2315 3899 2378 3952 de
2401 3899 2505 3952 div.
2532 3898 2552 3951 1

1536 3971 1624 4035 10,
1666 3972 1727 4024 16
1774 3986 1913 4037 quae
1944 3984 2138 4023 nomen
2173 3985 2243 4020 eoe
2273 3972 2554 4021 inventore

2604 1221 2665 1274 10

2599 1647 2658 1700 15
