2813 4537
400 272 533 336 198
965 327 976 339 ,
1004 274 1113 328 ’ΒΕ
1150 273 1415 328 OFFICIIS
1450 273 1569 327 LIB.
1605 273 1686 328 111.
1756 272 1896 326 GAP.
1934 276 1983 327 9.

289 474 304 522 1
405 450 516 512 sibi
555 449 733 511 licere
775 454 944 527 putet
984 466 1250 527 peceare,
1297 466 1475 527 quam
1515 447 1564 508 si
1608 465 1732 508 non
1774 445 2036 507 haberet.
2097 446 2362 509 Honesta
2403 447 2568 508 enim

304 543 363 595 89
405 535 582 597 honis
615 533 771 608 viris,
820 552 943 594 non
989 533 1218 595 occulta
1250 539 1637 612 quaeruntur.
1696 532 1887 610 Atque
1918 531 2034 592 hoc
2064 531 2197 592 loco
2228 532 2570 612 philosophi

404 620 662 700 quidam,
704 617 948 679 minime
991 619 1128 679 mali
1171 618 1251 680 illi
1299 618 1556 698 quidem,
1600 618 1702 679 sed
1732 635 1856 678 non
1887 616 2029 679 satis
2057 617 2233 692 acuti,
2278 618 2476 679 fictam
2504 626 2568 678 et

402 704 876 767 commenticiam
927 703 1184 766 fabulam
1229 704 1521 783 prolatam
1563 702 1771 764 dicunt
1807 720 1839 762 a
1882 702 2159 777 Platone,
2215 702 2382 781 quasi
2421 721 2564 764 vero

402 791 500 852 ille
542 802 645 851 aut
685 790 907 851 factum
951 789 1011 850 id
1057 807 1184 850 esse
1229 796 1332 850 aut
1363 788 1494 849 fieri
1521 787 1788 868 potuisse
1816 788 2110 848 defendat.
2170 787 2332 849 Haec
2361 795 2452 850 est
2478 787 2569 849 vis
2609 795 2649 845 5

404 875 581 937 huius
623 874 789 936 anuli
824 883 884 936 et
910 873 1087 936 huius
1118 874 1401 954 exempli:
1447 873 1495 935 si
1526 891 1703 934 nemo
1732 872 2007 946 scituruS‚
2049 891 2226 934 nemo
2259 892 2335 935 ne
2365 873 2564 953 suspi-

406 971 649 1023 caturus
685 960 923 1040 quidem
952 958 1045 1034 sit,
1077 977 1214 1023 oum
1243 958 1463 1038 aliquid
1492 958 1824 1020 divitiarum
1852 957 2173 1038 potentiae,
2204 958 2565 1020 dominatio-

572 1045 583 1058 ·
634 1045 645 1057 0
694 1044 706 1056 θ
760 1044 772 1058 0
2637 1035 2676 1050 N

359 1185 363 1189 ,
401 1149 638 1210 semper
675 1129 965 1209 ignotum,
1010 1129 1171 1192 sisne
1199 1126 1508 1191 facturus?
1567 1129 1798 1210 Negant
1827 1127 1885 1188 id
1914 1128 2043 1189 fleri
2073 1147 2266 1208 posse.
2326 1129 2563 1208 Nequa-

405 1233 581 1295 quam
624 1221 821 1294 potest
861 1214 919 1275 id
965 1214 1221 1293 quidem.
1283 1214 1399 1277 Sed
1447 1232 1688 1295 quaero,
1734 1214 1892 1293 quod
1937 1221 2162 1292 negant
2188 1233 2383 1293 posse,
2426 1214 2483 1275 id
2514 1214 2567 1276 si
2614 1221 2680 1275 to

402 1365 481 1418 als
506 1363 762 1417 Nachsatz'
787 1366 1041 1431 ergfinzen
1074 1367 1180 1417 sibi
1211 1370 1436 1431 putaret
1534 1357 1804 1432 βλάπτειν
1854 1359 1994 1430 μηδὲ
2044 1358 2420 1430 βλάπτεσθαι,
2473 1380 2564 1416 πι-

288 1425 293 1436 ’
402 1434 579 1486 licere.
614 1431 732 1499 Vgl.
753 1433 817 1485 de
845 1436 949 1487 nat.
972 1432 1183 1498 d.1157‚
1213 1435 1309 1486 144
1336 1449 1434 1483 au·
1535 1427 1748 1484 στεύειν
1793 1423 1883 1482 ὅτι
1928 1426 2105 1496 λήσει,
2160 1425 2264 1483 κᾶν
2313 1425 2564 1503 μυριάκις

398 1502 547 1553 ditus
564 1503 868 1564 flexuosum
890 1504 999 1552 iter·
1016 1501 1186 1566 habet,
1210 1517 1279 1552 ne
1296 1501 1433 1567 quid
1529 1501 1626 1619 ἰπὶ
1660 1499 1758 1618 τοᾷ
1793 1493 2067 1618 napea—‘tos
2112 1494 2386 1571 λανθάνῃ.
2438 1498 2559 1565 Vgl.

1571 1583 1674 1621 uer.
1797 1570 1927 1621 1150
1986 1608 1998 1621 .

1601 1638 1648 1690 3.
1684 1639 1902 1687 minime
1935 1636 2068 1686 mali
2090 1636 2178 1686 illi
2237 1636 2432 1703 uidem,
2466 1635 2563 1687 sed
2634 1661 2644 1674 ν

1529 1720 1639 1755 non
1674 1707 1806 1755 satis
1841 1707 2009 1756 acuti.
2054 1702 2164 1755 Den
2188 1652 2434 1757 gorwurf
2465 1703 2557 1755 des

1527 1771 1761 1838 Mangels
1786 1788 1850 1825 an
1876 1769 2175 1824 Scharfsinn
2198 1772 2303 1824 und
2329 1786 2393 1823 an
2418 1771 2555 1824 Wis-

1527 1840 2004 1893 senschaftliehkeit
2027 1840 2201 1892 maoht
2224 1838 2326 1894 Cic.
2351 1840 2404 1891 in
2430 1841 2554 1892 fibn-

1526 1907 1685 1961 lieher
1720 1907 1896 1961 Weise
1930 1907 2047 1960 dem
2081 1907 2278 1976 Epikur
2312 1907 2415 1960 und
2451 1908 2554 1961 sei-

1526 1992 1625 2029 nen
1662 1975 1969 2044 Anhiingern
2006 1976 2195 2030 often-s:
2235 1974 2430 2029 Tuse.1
2468 1979 2550 2042 21,

396 1573 611 1621 intrare
657 1572 854 1635 possit,
901 1571 952 1620 si
984 1569 1214 1636 simplex
1264 1574 1318 1620 et
1350 1569 1431 1620 di-

399 1642 606 1689 rectum
646 1642 882 1704 pateret,
932 1652 1016 1690 wo
1052 1652 1169 1689 man
1205 1636 1316 1689 sich
1351 1653 1430 1689 er-

402 1707 599 1771 gfinzen
627 1720 769 1758 muss
805 1705 952 1771 quod
974 1710 1172 1772 posset.
1219 1704 1428 1772 Madvig

397 1773 509 1824 will
541 1790 835 1842 peceare—
853 1772 1073 1825 haberet
1102 1773 1178 1826 als
1200 1772 1428 1841 Interpo-

398 1841 559 1894 lation
596 1842 878 1903 streiehen3
919 1841 1042 1893 aber
1076 1857 1116 1894 3.
1154 1839 1327 1894 Ambr.
1364 1841 1427 1893 111

396 1926 441 1964 e.
466 1915 496 1963 5
532 1925 643 1961 non
664 1913 845 1961 minus
865 1908 1046 1975 fugiet
1076 1914 1425 1976 peecatorum

394 1981 703 2044 contagium
763 1994 923 2044 quam
984 1980 1034 2029 si
1090 1994 1201 2030 non
1250 1981 1428 2045 possit

399 2046 578 2098 latere.
647 2045 816 2098 Ueber
868 2046 1040 2097 nihilo
1089 2046 1213 2112 plus
1266 2061 1307 2099 3.
1356 2061 1422 2098 zu

401 2113 435 2181 g
464 2116 696 2234 ‘ff'bonis
723 2182 876 2245 viris,
906 2195 1017 2231 non
1037 2178 1246 2231 occulta
1264 2195 1424 2245 quae-

394 2254 612 2302 runtur.
683 2247 793 2301 Den
843 2246 994 2301 Dativ
1052 2247 1188 2301 heim
1240 2246 1425 2301 Passiv

396 2321 532 2370 setzt
552 2317 655 2371 Cic.
676 2332 771 2369 nur
788 2316 873 2370 bei
890 2315 1074 2370 Verbis
1096 2317 1197 2370 wie
1215 2321 1425 2384 quaeri,

398 2387 600 2453 audiri,
635 2401 719 2437 wo
745 2385 835 2437 der
855 2384 1008 2438 Dativ
1043 2385 1187 2439 nicht
1219 2385 1424 2438 sowohl

398 2454 491 2506 das
544 2452 758 2519 Subject
811 2469 937 2507 von
988 2453 1132 2521 dem,
1191 2453 1267 2506 als
1321 2454 1426 2507 fiir

398 2523 627 2575 welches
663 2526 826 2574 etwas
862 2522 1152 2589 geschieht,
1187 2522 1425 2575 bezeich-

397 2596 486 2644 net
520 2590 605 2656 (de
641 2605 749 2643 sen.
791 2593 879 2656 11,
916 2593 981 2644 38
1032 2607 1237 2657 semper
1282 2594 1426 2642 enim

393 2662 455 2709 in
511 2661 596 2710 his
649 2658 845 2709 studiis
919 2659 1295 2725 laboribusque
1345 2661 1425 2710 vi-

393 2730 539 2778 venti
571 2742 681 2778 non
715 2726 1098 2793 intellegitur),
1145 2726 1251 2780 und
1284 2728 1422 2780 heim

394 2793 725 2861 Partieipium
778 2793 912 2847 Pers.
966 2793 1137 2861 Pass.,
1194 2810 1279 2848 wo
1333 2795 1425 2848 der

392 2861 545 2914 Dativ
582 2861 871 2928 gleichfalls
902 2861 1119 2915 dativus
1167 2863 1419 2916 commodi

394 2929 464 2981 ist
510 2928 635 2981 oder
682 2930 796 2981 eine
844 2929 1080 2982 ahnliehe
1124 2928 1423 2999 Beziehung

392 2998 499 3050 hat.
533 3002 865 3063 pertractata
898 3000 1036 3049 mihi
1068 3003 1282 3050 sunta
1298 3015 1421 3062 per-

394 3069 629 3117 tractata
664 3067 846 3117 habeo.

455 3133 667 3200 philos-o
705 3135 765 3186 hi
779 3134 1016 3201 quidam,
1028 3133 1111 3187 die
1121 3133 1419 3202 Epikureer.

393 3201 466 3255 Da
513 3201 605 3255 das
697 3202 817 3255 eeht
862 3202 996 3255 nach
1037 3201 1231 3270 Epikur
1277 3202 1422 3255 nieht

392 3265 1296 3406 33⁶12333¹¹35¹f312⁹552⁴sitisti?
1306 3273 1419 3392 333’

393 3405 574 3460 selben
628 3406 758 3458 auch
811 3422 907 3459 nur
958 3408 1165 3460 {iussere
1215 3407 1421 3460 Grunde

393 3475 497 3528 wie
514 3472 749 3527 Vortheil
773 3474 896 3527 oder
919 3474 1110 3527 Fureht
1131 3490 1227 3527 vor
1249 3474 1421 3528 Sti-ase

394 3542 661 3596 anffihren.
696 3542 843 3609 Diog.
861 3542 1025 3596 Laert.
1043 3541 1090 3594 X
1119 3545 1208 3596 151
1245 3535 1279 3608 ἦ
1305 3538 1423 3595 ἄδι-

393 3615 486 3664 xta
519 3610 583 3664 οὗ
618 3605 759 3663 καθ’
798 3610 998 3675 ἑαυτὴν
1032 3606 1230 3674 κακόν,
1282 3604 1422 3662 ἀλλὰ

393 3682 458 3731 ἓν
499 3678 584 3745 τῷ
630 3674 772 3731 κατὰ
815 3673 920 3743 τὴν
953 3673 1205 3747 ὑποψίαν
1238 3673 1420 3748 φόβῳ,

391 3746 441 3798 εἰ
487 3744 563 3814 μὴ
607 3741 757 3812 λήσει
801 3740 940 3819 ὑπὲρ
984 3746 1106 3799 τῶν
1147 3742 1419 3799 τοιούτων

392 3811 758 3895 ἐφεστηκότας
803 3809 1087 3867 κολαστάς.
1154 3810 1252 3867 οὐκ
1295 3814 1417 3867 ἔστι

389 3879 494 3933 τὸν
528 3876 713 3952 λαθρα
748 3900 804 3934 τι
838 3882 1130 3946 ποιοῦντα,
1173 3867 1257 3936 οἷν
1292 3897 1417 3936 συν·

392 3946 598 4001 έθοντο
647 3945 783 4018 πρὸς
828 3942 1083 4016 ἀλλήλους
1126 3949 1201 4003 εἰς
1242 3948 1308 4004 τὸ
1340 3948 1419 4019 μὴ

1524 2048 1590 2098 48
1640 2062 1669 2095 e
1716 2061 1822 2111 quo
1869 2045 2118 2111 intellegi
2169 2049 2346 2112 potest
2393 2060 2556 2111 quam

1526 2115 1676 2165 acuti
1709 2117 1913 2164 natura
1946 2117 2083 2179 sint,
2127 2115 2384 2178 quoniam
2425 2114 2556 2164 haee

1524 2183 1641 2232 sine
1688 2181 1941 2232 doctrina
1994 2180 2261 2232 credituri
2308 2179 2555 2243 fuemnt.

1525 2249 1581 2302 in
1609 2247 1717 2305 Pis.
1740 2251 1823 2316 29,
1849 2253 1914 2304 70
1947 2265 2060 2301 non
2092 2249 2439 2316 philosophia
2471 2266 2555 2301 εο-

1528 2318 1639 2369 lum
1658 2318 1754 2369 sed
1775 2321 1936 2370 etiam
1962 2322 2154 2370 ceteris
2174 2319 2385 2384 studiis,
2416 2335 2555 2384 quae

1523 2384 1641 2447 fere
1675 2386 1972 2452 Epicureos
2014 2387 2301 2452 neglegere
2346 2387 2554 2453 dieunt,

1523 2455 1838 2521 perpolitus.
1910 2454 1973 2507 de
2016 2453 2107 2509 fin.
2142 2453 2185 2506 11
2220 2456 2312 2518 25,
2350 2456 2413 2509 80
2459 2455 2554 2506 sed

1527 2527 1770 2588 quamvis
1805 2526 1969 2574 comis
1992 2524 2313 2589 (Epicurus)
2338 2526 2396 2574 in
2420 2526 2553 2574 ami-

1527 2594 1606 2642 eis
1650 2591 1863 2643 tuendis
1906 2591 2105 2656 fuerit,
2148 2595 2328 2642 tamen
2362 2619 2403 2630 -—
2439 2606 2552 2643 non

1524 2662 1661 2710 eatis
1697 2664 1889 2711 acutus
1918 2657 2047 2720 fuit.

1594 2729 1641 2780 9.
1667 2726 2018 2794 Nequaquam
2041 2732 2217 2794 potest
2237 2727 2299 2778 id
2319 2727 2548 2793 quidem.

1524 2793 1633 2847 Den
1658 2795 1892 2849 Glauben
1915 2811 1978 2847 an
2005 2795 2087 2848 die
2112 2794 2416 2862 Vorsehung
2444 2794 2550 2847 und

1525 2862 1608 2916 die
1628 2862 1697 2916 So
1760 2879 1790 2915 e
1810 2863 1899 2916 der
1917 2863 2099 2916 Gotter
2114 2862 2196 2916 fiir
2214 2862 2298 2915 die
2317 2863 2552 2915 mensch—

1525 2930 1694 2984 liehen
1766 2931 2193 2999 ngelegenheiten
2227 2930 2333 2983 und
2368 2946 2432 2984 an
2464 2930 2550 2983 die

1521 2998 1911 3052 Allwissenheit
1962 2999 2145 3052 Gottes
2203 2999 2398 3066 sprieht
2443 2998 2545 3052 Cic.

1524 3071 1655 3120 stets
1689 3082 1798 3133 aus,
1841 3082 1925 3119 wo
1961 3083 2017 3120 er
2050 3067 2193 3119 seine
2229 3066 2411 3134 eigene
2443 3066 2548 3119 An·

1523 3134 1658 3188 sieht
1691 3136 1949 3202 vortrigt:
1988 3133 2052 3186 de
2082 3140 2187 3189 nat.
2213 3133 2352 3188 deor.
2376 3134 2397 3187 1
2422 3137 2470 3200 2,
2496 3139 2545 3188 3.

1521 3270 1616 3323 Die
1746 3270 1987 3324 endetion
2024 3271 2116 3324 des
2150 3270 2410 3324 Manutius
2456 3287 2546 3322 ne-

1523 3354 1791 3406 quaquam
1840 3338 1926 3420 sur-
1957 3338 2049 3392 das
2091 3338 2545 3419 handschriftliche

1559 3406 2549 3556 ffssssffim29¹ssahffssl¹fissinfissheffl⁰ffffi

1523 3543 1627 3599 Gne.
1664 3543 1774 3597 hier
1807 3543 1995 3596 keinen
2030 3542 2205 3596 Grund
2252 3542 2394 3596 hatte
2440 3559 2546 3597 von

1522 3612 1690 3664 seiner
1739 3610 1957 3664 Ansieht
2008 3611 2324 3679 abzugehen.
2398 3611 2546 3664 Aueh

1522 3679 1615 3733 hat
1672 3694 1729 3732 er
1790 3679 1844 3731 in
1909 3679 2025 3732 dem
2091 3678 2545 3746 vorhergehenden

1523 3751 1683 3814 quasi
1708 3776 1751 3787 -
1774 3753 1872 3799 aut
1889 3749 2016 3812 fieri
2027 3750 2270 3815 potuisse
2304 3746 2396 3800 das
2419 3746 2547 3800 Ver-

1522 3815 1927 3882 borgenbleiben
1962 3815 2038 3868 als
2073 3815 2369 3883 unmoglich
2402 3831 2545 3869 aner-

1521 3883 1699 3937 kannt.
1769 3883 2049 3937 Ueberdies
2093 3883 2288 3937 foi-«lert
2324 3884 2416 3937 der
2447 3883 2544 3937 Ge-

1522 3955 1732 4019 33113313
1766 3953 1864 4004 sed
1893 3967 2093 4019 quaero
2128 3952 2191 4003 id
2219 3955 2272 4004 ei
2297 3958 2542 4020 posset,

1519 3202 1589 3256 de
1622 3200 1782 3323 ¹31¹
1818 3205 1867 3269 7,
1903 3206 1986 3257 21.
2056 3201 2120 3255 de
2162 3202 2252 3257 fin.
2286 3202 2306 3254 1
2349 3207 2426 3269 16,
2461 3206 2544 3256 51.
2590 3198 2594 3202 ’
