2813 4537
390 272 515 336 146

992 274 1077 329 DE
1114 272 1374 339 omens
1410 273 1527 328 ΗΒ.
1563 274 1622 329 11.
1692 274 1833 329 cAP.
1864 278 1943 329 12.

283 453 355 509 12
389 448 532 511 Mihi
564 448 802 529 quidem
831 466 955 509 non
986 448 1143 530 apud
1173 447 1379 509 Medos
1406 446 1620 521 solum,
1648 456 1717 509 ut
1743 446 1825 509 ait
1846 445 2200 521 HerodotuS‚
2230 447 2332 508 sed
2361 446 2536 509 etiam

284 535 342 588 41
387 533 545 615 apud
573 533 826 596 maiores
854 541 1091 595 nostros
1116 532 1374 595 iustitiae
1402 532 1689 596 fruendae
1718 550 1894 594 causa
1922 531 2195 594 videntur
2217 531 2361 594 olim
2381 531 2537 595 bene

387 619 599 681 morati
639 637 812 699 reges
852 618 1176 680 constituti.
1248 617 1397 680 Nam
1441 635 1574 679 cum
1618 625 1987 698 premeretur
2015 617 2192 698 inops
2219 616 2535 679 multitudo

386 705 460 768 ab
492 703 595 777 iis,
637 705 741 785 qui
771 703 1024 766 maiores
1051 722 1197 785 opes
1224 701 1554 778 habebant,
1597 702 1668 763 ad
1699 720 1887 764 unum
1928 702 2183 784 aliquem
2227 702 2536 782 confugie-

385 788 530 851 bant
557 790 772 852 virtute
797 798 1192 870 praestantem
1208 834 1224 864 ,
1266 787 1369 869 qui
1413 805 1550 851 cum
1592 787 1935 868 prohiberet
1970 786 2185 850 iniuria
2213 788 2536 863 tenuiores,
2579 798 2609 849 5

386 875 677 955 aequitate
707 874 1120 937 constituenda
1150 891 1416 942 summos
1458 891 1595 936 cum
1625 872 1845 934 infimis
1884 873 2014 954 pari
2056 872 2185 935 iure
2224 873 2535 935 retinebat.

280 969 341 1020 42
382 959 721 1040 Eademque
764 959 1313 1022 constituendarum
1352 958 1553 1039 legum
1595 957 1709 1019 fuit
1747 976 1924 1020 causa
1954 976 2105 1039 quae
2134 975 2361 1037 regum.
2437 958 2538 1020 Ius

385 1045 545 1107 enim
587 1062 822 1126 semper
863 1053 952 1106 est
994 1044 1323 1125 quaesitum
1366 1042 1703 1125 aequabile:
1751 1062 1946 1124 neque
1992 1043 2149 1106 enim
2184 1043 2353 1105 aliter
2383 1042 2538 1106 esset

383 1130 495 1192 ius.
556 1130 620 1191 Id
651 1130 699 1192 si
747 1129 820 1191 ab
865 1148 986 1191 uno
1017 1130 1171 1191 iusto
1203 1136 1262 1192 et
1303 1129 1464 1191 bono
1505 1129 1629 1191 viro
1676 1128 2210 1209 consequebantur,
2250 1137 2420 1190 erant
2466 1146 2535 1189 eo

324 1261 336 1272 .
385 1215 680 1277 contenti:
727 1233 864 1277 cum
893 1215 954 1277 id
982 1214 1184 1277 minus
1228 1215 1620 1293 contingeret,
1663 1213 1824 1294 leges
1866 1223 2009 1275 sunt
2050 1214 2345 1289 inventae,
2389 1231 2540 1293 quae
2583 1220 2639 1274 1⁰

384 1318 520 1362 cum
551 1299 832 1362 omnibus
859 1318 1096 1381 semper
1126 1318 1245 1362 una
1275 1308 1457 1381 atque
1498 1299 1701 1362 eadem
1741 1318 1885 1361 voce
1912 1298 2317 1379 loquerentur.
2376 1298 2535 1379 Ergo
2567 1321 2578 1334 ·

382 1387 500 1448 hoc
528 1386 767 1466 quidem
797 1386 1179 1467 perspicuum
1211 1393 1319 1460 est,
1362 1403 1467 1446 eos
1509 1384 1582 1446 ad
1627 1385 2040 1465 imperandum
2082 1383 2260 1463 deligi
2306 1382 2537 1458 solitos,

382 1489 638 1552 quorum
681 1471 755 1532 de
796 1471 1020 1533 iustitia
1047 1488 1259 1550 magna
1304 1478 1462 1533 esset
1505 1470 1707 1551 opinio
1750 1469 2167 1531 multitudinis.
2240 1470 2535 1531 Adiuncto

379 1574 519 1619 vero
549 1564 615 1618 ut
645 1555 797 1617 idem
829 1555 1002 1619 etiam
1033 1558 1353 1638 prudentes
1394 1554 1776 1631 haberentur,
1821 1554 1970 1617 nihil
2000 1564 2126 1616 erat
2155 1554 2313 1634 quod
2344 1552 2537 1616 homi·

382 1661 491 1704 nes
517 1641 592 1703 iis
632 1641 974 1704 auctoribus
1017 1660 1141 1703 non
1185 1659 1362 1722 posse
1405 1639 1693 1722 consequi
1738 1659 1802 1702 se
1844 1639 2288 1702 arbitrarentur.
2358 1638 2536 1700 Omni
2579 1645 2635 1700 15

378 1726 561 1808 igitur
587 1727 816 1788 ratione
847 1726 1093 1788 colenda
1123 1734 1182 1787 et
1210 1726 1519 1788 retinenda
1550 1725 1771 1788 iustitia
1802 1735 1906 1801 est,
1939 1744 2076 1787 cum
2106 1726 2235 1806 ipsa
2266 1743 2376 1805 per
2405 1742 2536 1785 sese

378 1846 466 1858 —-
495 1830 629 1876 nam
658 1810 831 1874 aliter
872 1811 1091 1874 iustitia
1122 1829 1244 1873 non
1276 1820 1432 1874 esset
1459 1845 1545 1855 -
1573 1820 1701 1874 tum
1730 1819 1977 1892 propter
2017 1809 2535 1891 amplificationem

375 1898 624 1960 honoris
653 1905 714 1959 et
740 1896 980 1976 gloriae.

449 2052 492 2100 1.
546 2052 611 2097 ut
643 2049 726 2096 ait
757 2046 1088 2097 Herodotus.-
1137 2044 1159 2096 Ι
1184 2048 1249 2098 96
1278 2062 1399 2100 vom

373 2114 615 2178 Deiokes,
628 2114 719 2166 der
730 2115 839 2165 sich
854 2113 1014 2166 durch
1027 2115 1169 2166 scine
1182 2112 1402 2166 Gerech-

375 2181 562 2251 tigkeit
595 2182 733 2234 heim
757 2180 1172 2249 Rechtsprechen
1196 2182 1400 2235 solches

373 2251 618 2305 Ansehen
650 2250 736 2303 hei
772 2250 872 2303 den
893 2249 1104 2303 Medern
1131 2250 1399 2304 erworben

374 2322 544 2374 haben
579 2319 693 2383 soll,
746 2319 865 2372 dass
902 2319 978 2371 sie
1011 2319 1100 2372 ibn
1139 2319 1400 2387 freiwillig

373 2405 438 2442 zu
473 2389 637 2440 ihrem
667 2386 838 2455 Konig
872 2387 1124 2441 machten.

444 2460 491 2512 2.
530 2459 658 2508 bene
679 2459 883 2508 morati
910 2472 1064 2522 reges
1088 2459 1373 2507 constituti
1379 2475 1403 2506 .-

372 2525 497 2579 Dies
515 2525 586 2576 ist
609 2523 693 2576 die
712 2524 798 2576 hei
822 2525 962 2577 alten
992 2522 1398 2577 Schriftstellern

371 2593 682 2647 verhreitete
703 2592 948 2657 Ansicht‚
979 2592 1097 2645 dass
1120 2597 1399 2659 ursprung-

371 2663 475 2715 lich
506 2660 588 2713 die
615 2660 896 2714 Menschen
927 2660 1023 2724 frej
1054 2676 1159 2713 von
1182 2675 1398 2727 grossen

309 2748 313 2752 ·
370 2729 658 2797 Begierden
705 2744 880 2780 waren
931 2728 1037 2781 und
1082 2728 1259 2781 darum
1300 2727 1399 2780 Ge-

371 2803 513 2851 setze
544 2796 652 2849 und
682 2796 1015 2863 Obrigkeiten
1049 2796 1192 2848 nicht
1214 2796 1397 2863 nothig

371 2868 568 2931 hatten,
604 2864 724 2916 dass
759 2864 893 2916 dann
929 2879 1047 2916 zum
1080 2863 1271 2915 Schutz
1308 2864 1398 2916 der

373 2933 692 2986 Schwachen
769 2932 874 2984 und
942 2931 1225 2998 Erhaltung
1305 2933 1395 2985 des

370 3001 564 3054 Rechts
620 2999 820 3066 Konige
890 3000 1176 3066 eingesetzt
1236 3000 1395 3067 aeica,

371 3070 528 3122 deren
560 3068 735 3121 Macht
770 3069 944 3135 spater
984 3067 1143 3120 durch
1178 3067 1396 3122 Gesetze

369 3135 682 3192 beschrfinkt
707 3136 799 3190 sei.
842 3135 1150 3189 Posidonius
1168 3136 1254 3188 hei
1273 3136 1395 3192 Sen.

369 3204 1396 3328 {⁹25⁰:3fl121v‘ur‘1r2121203303

411 3290 458 3327 ei
593 3291 622 3327 e
856 3289 891 3325 n
991 3289 1009 3324 1
1173 3289 1224 3325 rr
1317 3290 1346 3326 a

368 3344 564 3396 hatten.
624 3342 697 3392 Hi
728 3343 1074 3394 continebant
1114 3357 1307 3394 manus
1341 3347 1396 3393 ct

369 3411 725 3474 infirmiorem
749 3427 784 3461 a
802 3411 1159 3462 validioribus
1178 3413 1394 3462 tueban-

371 3486 477 3534 tur.
498 3509 540 3517 -
568 3479 677 3531 Sed
686 3483 972 3545 postquam
985 3481 1393 3545 subrepentibus

369 3551 532 3605 vitiis,
562 3551 622 3599 in
666 3547 1019 3614 tyrannidem
1063 3563 1235 3613 regna
1269 3562 1393 3598 con-

366 3634 519 3670 versa
535 3621 679 3682 sunt,
701 3631 832 3682 opus
852 3632 961 3667 cece
979 3618 1156 3682 coepit
1169 3615 1393 3680 legibus,

367 3703 500 3752 quas
547 3691 600 3736 et
642 3689 786 3751 ipsas
832 3687 977 3736 inter
1018 3686 1186 3735 initia
1222 3683 1392 3733 tulere

365 3757 647 3821 sapientes.
683 3752 935 3810 Aehnlich
960 3750 1068 3804 und
1090 3751 1223 3803 noch
1246 3751 1390 3803 mehr

365 3822 461 3874 mit
509 3822 685 3873 Cicero
730 3819 1222 3879 ubereinstimmend
1267 3818 1388 3873 Tac.

365 3890 551 3943 Annal.
586 3889 649 3941 111
683 3892 772 3951 263
824 3890 933 3956 vgl.
968 3887 1145 3941 lustin.
1179 3887 1201 3939 Ι
1239 3891 1287 3942 1.

436 3961 483 4010 5.
524 3958 839 4024 prohiberet
871 3959 1082 4008 iniuria
1119 3960 1390 4014 tenuiores

1502 2046 1643 2099 kann
1678 2046 1971 2112 abgesehen
2016 2061 2123 2098 von
2176 2045 2293 2097 dem
2327 2044 2535 2097 Zusam-

1502 2115 1792 2180 menhange
1815 2115 1965 2166 einen
1990 2113 2271 2181 doppelten
2294 2111 2421 2165 Sinn
2443 2112 2533 2164 ha-

1501 2183 1622 2236 ben.
1657 2182 1721 2234 de
1743 2183 1866 2249 imp.
1890 2181 2073 2250 Pomp.
2099 2186 2147 2248 7,
2170 2184 2233 2236 18
2258 2186 2337 2232 cst
2352 2184 2531 2246 igitur

1503 2253 1859 2303 humanitatis
1893 2256 2102 2303 vestrae
2140 2264 2400 2317 magnum
2431 2265 2533 2300 nu-

1502 2334 1709 2371 merum
1756 2335 1942 2371 eorum
1989 2322 2187 2371 civium
2222 2319 2533 2371 calamitate

1497 2390 1803 2455 prohibere.
1849 2387 2092 2454 Dagegen
2116 2387 2274 2443 Caes,
2310 2387 2361 2439 h.
2398 2385 2529 2439 Gall.

1500 2456 1543 2508 11
1567 2459 1650 2521 28,
1671 2459 1702 2509 3
1734 2461 1799 2506 ut
1834 2458 1899 2508 ab
1934 2458 2147 2507 iniuria
2182 2461 2234 2507 et
2261 2454 2528 2517 maleficio

1499 2526 2239 2645 {tmu‘zzzffl't'zif-'sszffl‘'
2297 2523 2415 2575 ‘¹⁸⁸⁸
2447 2522 2529 2580 ⁵¹⁶

1570 2663 1617 2713 6.
1639 2662 1770 2727 pari
1793 2663 1937 2725 iure,
1966 2660 2020 2711 in
2038 2658 2530 2725 Rechtsgleichheit.

1573 2732 1654 2783 10.
1705 2730 1845 2793 leges
1876 2733 2005 2779 sunt
2035 2730 2309 2779 inventae.-
2355 2724 2530 2777 richti-

1537 2812 1592 2849 er
1638 2798 1783 2849 hfitte
1831 2797 1933 2848 Cic.
1983 2800 2167 2863 gesagt
2211 2796 2527 2860 descriptae.

1497 2811 1646 2918 {ann
1680 2865 1858 2917 wfirde
1894 2864 1977 2916 dic
2010 2864 2245 2930 Aussage
2280 2879 2325 2917 z.
2344 2861 2405 2917 B.
2441 2861 2534 2914 auf

1500 2933 1584 2985 die
1603 2933 1997 2999 Aufzeichnung
2020 2932 2111 2984 der
2127 2930 2344 2984 Gesetze
2367 2930 2532 2982 durch

1498 3001 1662 3054 Draco
1684 3002 1737 3053 in
1760 3002 1933 3053 Athen
1968 2999 2073 3053 und
2103 3000 2187 3052 die
2210 2998 2529 3051 Zwoll‘tasel-

1499 3074 1709 3137 gesetze
1758 3070 1814 3121 in
1857 3068 1987 3120 Rom
2032 3067 2298 3122 zutreffen.
2368 3065 2528 3119 Unter

1500 3138 1641 3204 leges
1692 3138 1762 3190 ist
1815 3134 2017 3189 sowohl
2073 3135 2156 3187 die
2207 3135 2527 3201 Verfassung

1499 3206 1576 3258 als
1612 3205 1703 3258 das
1740 3204 2060 3256 Privatrecht
2100 3219 2165 3256 zu
2198 3203 2489 3257 verstehen.

1571 3277 1651 3328 13.
1675 3273 1947 3325 adiuncto.
2001 3271 2265 3338 Derartige
2286 3270 2524 3324 absolute

1493 3342 1736 3394 Ablative
1751 3378 1766 3407 ‚
1799 3341 1854 3393 in
1876 3341 2043 3393 denen
2067 3340 2159 3393 das
2185 3339 2400 3405 SubJect
2422 3338 2524 3391 wie

1493 3410 1605 3462 hier
1640 3410 1801 3462 durch
1835 3409 1985 3462 einen
2021 3407 2143 3461 Satz
2180 3406 2525 3475 ausgedrflckt

1495 3477 1653 3543 wird,
1688 3477 1804 3530 sind
1825 3477 1911 3530 bei
1936 3476 2113 3529 Cicero
2151 3476 2275 3528 weit
2299 3475 2523 3528 seltener

1495 3546 1571 3598 als
1607 3546 1693 3598 hei
1718 3547 1957 3613 spiiteren
1983 3543 2404 3598 Schriftstellern.
2459 3542 2523 3595 de

1494 3613 1583 3668 fin.
1620 3614 1662 3666 11
1697 3617 1780 3680 27,
1802 3617 1867 3668 85
1902 3612 2152 3675 Perfecto
2187 3618 2241 3664 et
2272 3611 2524 3664 concluso

1494 3698 1667 3748 neque
1700 3684 1992 3734 virtutibus
2028 3709 2071 3718 -
2109 3680 2284 3732 locum
2319 3696 2444 3732 osse.
2485 3712 2490 3715 v

1568 3755 1646 3804 17.
1682 3767 1809 3802 nam
1845 3751 2036 3801 aliter.-
2080 3763 2236 3801 wenn
2272 3748 2347 3801 sie
2383 3748 2530 3800 niim-

1492 3819 1597 3871 lich
1643 3818 1762 3872 blos
1808 3819 1899 3870 des
1934 3817 2165 3870 Nutzens
2212 3832 2398 3884 wegen
2435 3830 2528 3882 ge-

1492 3888 1657 3955 pflegt
1679 3886 1872 3940 wurde.
1929 3885 2046 3952 Vgl.
2080 3901 2146 3937 zu
2179 3884 2201 3937 1
2236 3884 2269 3952 ξ
2293 3889 2358 3938 14
2396 3883 2526 3935 fiber

1493 3956 1584 4009 das
1619 3958 1911 4008 honestum·
